@inproceedings{FSV13,
    author     = {Faug\`ere, Jean-Charles and Safey El Din, Mohab and Verron, Thibaut},
    title      = {{On the complexity of computing {G}r\"obner bases for quasi-homogeneous systems}}, 
    booktitle  = {{Proceedings of the 2013 International Symposium on Symbolic and Algebraic Computation}},
    series     = {ISSAC '13},
    year       = {2013},
    pages      = {189--196},
    numpages   = {8},
    location   = {Boston, Maine, USA},
    isbn       = {978-1-4503-2059-7},
    doi        = {10.1145/2465506.2465943},
    publisher  = {ACM},
    acmid      = {2465943},
    address    = {New York, NY, USA},
    url        = {http://hal.inria.fr/hal-00780388},
    pdf        = {http://hal.inria.fr/hal-00780388/PDF/main\_eng.pdf},
}