@article{FSV15,
title = "On the complexity of computing Gröbner bases for weighted homogeneous systems ",
journal = "Journal of Symbolic Computation ",
volume = "76",
number = "",
pages = "107 - 141",
year = "2016",
note = "",
issn = "0747-7171",
doi = "http://dx.doi.org/10.1016/j.jsc.2015.12.001",
url = "http://www.sciencedirect.com/science/article/pii/S0747717115001273",
author = "Faugère, Jean-Charles and Safey El Din, Mohab and Verron, Thibaut",
keywords = "Gröbner bases",
keywords = "Polynomial system solving",
keywords = "Quasi-homogeneous systems",
keywords = "Weighted homogeneous systems "
}