@inproceedings{BFJSV16,
    title     = {{Determinantal sets, singularities and application to optimal control in medical imagery}},
    author    = {Bonnard, Bernard and Faug\`ere, Jean-Charles and Jcquemard, Alain and {Safey El Din}, Mohab and Verron, Thibaut},
    year      = 2016,
    booktitle = {{Proceedings of the 2016 International Symposium on Symbolic and Algebraic Computation}},
    series    = {ISSAC '16},
    year      = 2016,
    location  = {Waterloo, Canada}
}
