@phdthesis{Verron16,
    author  = {Verron, Thibaut},
    title   = {{Régularisation du calcul de bases de Gröbner pour des systèmes avec poids et déterminantiels, et application en imagerie médicale}},
    date    = {2016-09-26},
    year    = 2016,
    month   = Sep,
    school  = {UPMC Sorbonne-Universités},
    address = {Paris, France}
}