@unpublished{BCFJRSV2017,
  TITLE = {{Algebraic-geometric techniques for the feedback classification and robustness of the optimal control of a pair of Bloch equations with application to Magnetic Resonance Imaging}},
  AUTHOR = {Bonnard, Bernard and Cots, Olivier and Faug{\`e}re, Jean-Charles and Jacquemard, Alain and Rouot, J{\'e}r{\'e}my and Safey El Din, Mohab and Verron, Thibaut},
  URL = {https://hal.inria.fr/hal-01556806},
  NOTE = {submitted},
  HAL_LOCAL_REFERENCE = {Rapport LAAS n{\textdegree} 17216},
  YEAR = {2017},
  KEYWORDS = {symbolic computation ; Bloch equations ; Magnetic Resonance Imaging ; optimal control ; singular trajectories},
  PDF = {https://hal.inria.fr/hal-01556806/file/2017-BCFJRSV-submitted.pdf},
  HAL_ID = {hal-01556806},
  HAL_VERSION = {v1},
}