@ARTICLE{FV2018,
   author = {{Francis}, Maria and {Verron}, Thibaut},
    title = "{A Signature-Based Algorithm for Computing Gr√∂bner Bases over Principal Ideal Domains}",
  journal = {Mathematics in Computer Science},
archivePrefix = "arXiv",
   eprint = {1802.01388},
 primaryClass = "cs.SC",
 keywords = {Computer Science - Symbolic Computation},
     year = 2018,
    month = feb,
    note = "To appear"
}