@Article{VVY2018,
  author       = {Vaccon, Tristan and Verron, Thibaut and Yokoyama,
                  Kazuhiro},
  title	       = {On Affine Tropical F5 Algorithms},
  year	       = 2018,
  doi	       = {10.1145/3208976.3209012},
  url	       = {https://arxiv.org/abs/1805.06183},
  isbn	       = 9781450355506,
  journal      = {Proceedings of the 2018 ACM on International
                  Symposium on Symbolic and Algebraic Computation -
                  ISSAC â€™18},
  publisher    = {ACM Press}
}
