@unpublished{bonnard:hal-01721845,
  TITLE = {{Working Notes on the Time Minimal Saturation of a Pair of Spins and Application in Magnetic Resonance Imaging}},
  AUTHOR = {Bonnard, Bernard and Cots, Olivier and Rouot, J{\'e}r{\'e}my and Verron, Thibaut},
  URL = {https://hal.archives-ouvertes.fr/hal-01721845},
  NOTE = {working paper or preprint},
  YEAR = {2018},
  MONTH = Mar,
  PDF = {https://hal.archives-ouvertes.fr/hal-01721845/file/main.pdf},
  HAL_ID = {hal-01721845},
  HAL_VERSION = {v1},
}