@Article{CVV-2019-Tate,
  author       = {Caruso, Xavier and Vaccon, Tristan and Verron,
                  Thibaut},
  title	       = {Gröbner Bases Over Tate Algebras},
  year	       = 2019,
  doi	       = {10.1145/3326229.3326257},
  url	       = {https://arxiv.org/abs/1901.09574},
  isbn	       = 9781450360845,
  journal      = {Proceedings of the 2019 on International Symposium
                  on Symbolic and Algebraic Computation - ISSAC ’19},
  publisher    = {ACM Press}
}
