@article{FV2019},
    title={Signature-based M{\"o}ller's algorithm for strong Gr{\"o}bner bases over PIDs},
    author={Maria Francis and Thibaut Verron},
    journal = {ArXiv e-prints},
    year={2019},
    eprint={1901.09586},
    archivePrefix={arXiv},
    primaryClass={cs.SC}
}