@article{BCRV19,
title = "Time minimal saturation of a pair of spins and application in Magnetic Resonance Imaging",
journal = "Mathematical Control and Related Fields",
year = "2019",
note = "",
issn = "2156-8472",
doi = "10.3934/mcrf.2019029",
url = "http://aimsciences.org//article/id/ed0f3828-f338-4800-a128-a69caf3869a5",
author = {Bonnard, Bernard and Cots, Olivier and Rouot, Jérémy and Verron, Thibaut},
keywords = {"Geometric optimal control","contrast imaging in NMR","direct method","shooting and continuation techniques","moment optimization","Gröbner basis"} }