@Article{Bostan-2020,
  author = 	 {Bostan, Alin and Kauers, Manuel and Verron, Thibaut},
  title = 	 {The generating function for Kreweras walks with interacting boundaries is not algebraic},
  journal = 	 {SÃ©minaire Lotharingien de Combinatoire},
  year = 	 2022,
  volume = {85B},
  note = {Proceedings of Formal Power Series and Algebraic Combinatorics 2021},
archivePrefix = {arXiv},
  eprint = {2012.00816},
  primaryClass = "math.CO",
  keywords = {Mathematics - Combinatorics},
}
