@misc{CDKV2020,
    title={Integral P-Recursive Sequences},
    author={Shaoshi Chen and Lixin Du and Manuel Kauers and Thibaut Verron},
    year={2020},
    eprint={2002.02783},
    archivePrefix={arXiv},
    primaryClass={cs.SC}
}
