@Article{CVV-2020-Tate,
  author       = {Caruso, Xavier and Vaccon, Tristan and Verron,
                  Thibaut},
  title	       = {Signature-based algorithms for Gr√∂bner bases over Tate algebras},
  year	       = 2020,
  doi	       = {10.1145/3373207.3404035},
  url	       = {https://arxiv.org/abs/2002.04491},
  journal      = {Proceedings of the 2020 International Symposium
                  on Symbolic and Algebraic Computation - ISSAC '20},
  publisher    = {ACM Press}
}
