@Article{CVV-2021,
  author       = {Caruso, Xavier and Vaccon, Tristan and Verron,
                  Thibaut},
  title	       = {On FGLM Algorithms with Tate Algebras},
  year	       = 2021,
  month	       = {Jul},
  doi	       = {10.1145/3452143.3465521},
  url	       = {http://dx.doi.org/10.1145/3452143.3465521},
  isbn	       = 9781450383820,
  journal      = {Proceedings of the 2021 on International Symposium
                  on Symbolic and Algebraic Computation},
  publisher    = {ACM}
}

