@misc{HV-2021,
  author       = {Clemens Hofstadler AND Thibaut Verron},
  title	       = {{Signature Gr√∂bner bases, bases of syzygies and
                  cofactor reconstruction in the free algebra}},
  year	       = 2021,
  archiveprefix= {arXiv},
  eprint       = {2107.14675v1},
  primaryclass = {cs.SC}
}
