@misc{FV-2021-two-signature-variants,
    title={On Two Signature Variants Of Buchbergerâ€™s Algorithm Over Principal Ideal Domains},
    author={Francis, Maria and Verron, Thibaut},
    journal = {ArXiv e-prints},
    year=2021,
    eprint={2102.03339},
    archivePrefix={arXiv},
    primaryClass={cs.SC}}
