@Article{Caruso-2022-PolynomialIdealsOverconvergence,
  author       = {Caruso, Xavier and Vaccon, Tristan and Verron,
                  Thibaut},
  title	       = {On Polynomial Ideals and Overconvergence in Tate
                  Algebras},
  journal      = {Proceedings of the 2022 International Symposium on
                  Symbolic and Algebraic Computation},
  year	       = 2022,
  month	       = {Jul},
  doi	       = {10.1145/3476446.3535491},
  url	       = {http://dx.doi.org/10.1145/3476446.3535491},
  publisher    = {ACM}
}


