@misc{verron2022matrixweighted,
      title={On the computation of Gr\"obner bases for matrix-weighted homogeneous systems}, 
      author={Thibaut Verron},
      year={2022},
      eprint={2202.05742},
      archivePrefix={arXiv},
      primaryClass={cs.SC}
}

