@Article{Hofstadler-2024-ShortProofsIdeal,
  author       = {Hofstadler, Clemens and Verron, Thibaut},
  title	       = {Short proofs of ideal membership},
  journal      = {Journal of Symbolic Computation},
  year	       = 2024,
  month	       = apr,
  pages	       = 102325,
  issn	       = {0747-7171},
  doi	       = {10.1016/j.jsc.2024.102325},
  url	       = {http://dx.doi.org/10.1016/j.jsc.2024.102325},
  publisher    = {Elsevier BV}
}

