@Article{Verron-2024-ComputationGröbnerBases,
  author       = {Verron, Thibaut},
  title	       = {On the computation of Gröbner bases for
                  matrix-weighted homogeneous systems},
  journal      = {Journal of Symbolic Computation},
  year	       = 2024,
  month	       = apr,
  pages	       = 102327,
  issn	       = {0747-7171},
  doi	       = {10.1016/j.jsc.2024.102327},
  url	       = {http://dx.doi.org/10.1016/j.jsc.2024.102327},
  publisher    = {Elsevier BV}
}


