@unpublished{talk-JNCF13,
title= {Complexité du calcul de bases de Gröbner pour les systèmes quasi-homogènes},
year = {2013},
note= {Journées Nationales de Calcul Formel 2013},
address = {CIRM, Luminy, France},
}

@unpublished{talk-JNCF14,
title= {Complexité du calcul de bases de Gröbner pour les systèmes homogènes avec poids},
year = {2014},
note= {Journées Nationales de Calcul Formel 2014},
address = {CIRM, Luminy, France},
}

@unpublished{talk-JNCF15,
title= {Classification algébrique associée à l’optimisation de contraste pour l’IRM},
year = {2015},
note= {Journées Nationales de Calcul Formel 2015},
address = {ENSAM, Cluny, France},
}

@unpublished{talk-GdRMOA15,
title={Algebraic classification related to contrast optimization for MRI},
year={2015},
note={Journées annuelles du GdR Mathématiques de l'Optimisation et Applications 2015},
address={IMB, Université de Bourgogne, Dijon, France}}

@unpublished{talk-RDHL14,
title= {Bases de Gröbner et systèmes structurés},
year= {2014},
note= {Rencontres doctorales Henri Lebesgue 2014},
address = {IRMAR, Rennes, France}}

@unpublished{talk-seminaire-PolSys13,
title = {Computing Gröbner bases for quasi-homogeneous systems},
year = {2013},
note = {Séminaire de l'équipe PolSys},
address = {LIP6, UPMC, Paris, France}}

@unpublished{talk-seminaire-PolSys14,
title = {On the complexity of computing Gröbner bases for weighted homogeneous systems},
year = {2014},
note = {Séminaire de l'équipe PolSys},
address = {LIP6, UPMC, Paris, France}}

@unpublished{talk-seminaire-Rouen14,
title = {On the complexity of computing Gröbner bases for quasi-homogeneous systems},
year = {2014},
note = {Séminaire de l'équipe \emph{Combinatoire et algorithmes}},
address = {LITIS, Université de Rouen, Rouen, France}}

@unpublished{talk-ISSAC13,
title = {{On the complexity of computing {G}r\"obner bases for quasi-homogeneous systems}},
	year = 2013,
	note = {International Symposium on Symbolic and Algebraic Computation (ISSAC)},
	address = {Northeastern University, Boston, USA}
}

@unpublished{talk-ISSAC16,
	title = {{Determinantal set, singularities and application to optimal control in medical imagery}},
        year = 2016,
	note = {International Symposium on Symbolic and Algebraic Computation (ISSAC)},
	address = {Wilfrid Laurier University, Waterloo, Canada}
	}

@unpublished{talk-SMAI17,
title = {{Méthodes algébriques pour le contrôle optimal en Imagerie à Résonance Magnétique}},
year = 2017,
note = {8\textsuperscript{e} Biennale Française des Mathématiques Appliquées et Industrielles (SMAI 2017), Mini-symposium "Contrôle et applications"},
address = {La Tremblade, France}
}