
@inproceedings{BFS04,
	author = {Bardet, Magali and  Faug{\`e}re, Jean-Charles and Salvy, Bruno},
	title = {{On the complexity of Gr{\"o}bner basis computation of semi-regular overdetermined algebraic equations}},
	booktitle = {International Conference on Polynomial System Solving - ICPSS},
	year = 2004,
	month = nov,
	url = {http://www-salsa.lip6.fr/~jcf/Papers/43BF.pdf},
	location = {Paris, France},
	pages = {71-75}
}

@article{BFS13,
	author = {Magali Bardet and
               Jean{-}Charles Faug{\`{e}}re and
               Bruno Salvy},
	title = {On the Complexity of the {F5} Gr{\"{o}}bner basis Algorithm},
	journal = {},
	year = {2013},
	volume = {abs/1312.1655},
	eprinttype = {arxiv},
	eprint = {1312.1655},
	url = {http://arxiv.org/abs/1312.1655},
	timestamp = {Fri, 10 Oct 2014 17:58:30 +0200},
	biburl = {http://dblp.uni-trier.de/rec/bib/journals/corr/BardetFS13},
	bibsource = {dblp computer science bibliography, http://dblp.org}
}

@article{BFS14,
  teams = {POLSYS},
  labs = {LIP6},
  hal_id = {hal-00915522},
  url = {http://hal.inria.fr/hal-00915522},
  title = {{On the Complexity of the F5 Gröbner basis Algorithm}},
  author = {Bardet, Magali and Faugère, Jean-Charles and Salvy, Bruno},
  language = {Anglais},
  affiliation = {Laboratoire d'Informatique, de Traitement de l'Information et des Syst{\`e}mes - LITIS , POLSYS - INRIA Paris-Rocquencourt , Laboratoire d'Informatique de Paris 6 - LIP6 , ARIC - Inria Grenoble Rh{\^o}ne-Alpes / LIP Laboratoire de l'Informatique du Parallélisme},
  publisher = {Elsevier},
  pages = {1--24},
  journal = {Journal of Symbolic Computation},
  audience = {internationale },
  year = 2014,
  doi = {10.1016/j.jsc.2014.09.025},
  month = sep
}

@inproceedings{BFSY05,
	author = {Bardet, Magali and Faugère, Jean-Charles and Salvy, Bruno and Yang, Bo-Yin},
	title = {Asymptotic Behaviour of the Degree of Regularity of Semi-Regular Polynomial Systems},
	booktitle = {MEGA’05, 2005. Eighth International Symposium on Effective Methods in Algebraic Geometry},
	year = 2005
}

@article{BS88,
	author = {Bayer, David and Stillman, Michael},
	title = {On the complexity of computing syzygies},
	year = {1988},
	volume = {6},
	number = {2-3},
	month = dec,
	pages = {135--147},
	issn = {0747-7171},
	doi = {10.1016/S0747-7171(88)80039-7},
	url = {http://dx.doi.org/10.1016/S0747-7171(88)80039-7},
	acmid = {65033},
	address = {Duluth, MN, USA},
	issue_date = {Oct./Dec. 1988},
	journal = {J. Symb. Comput.},
	numpages = {13},
	publisher = {Academic Press, Inc.}
}

@phdthesis{Bar04,
	author = {Bardet, Magali},
	title = {{\'E}tude des syst{\`e}mes alg{\'e}briques surd{\'e}termin{\'e}s.
	Applications aux codes correcteurs et {\`a} la cryptographie},
	year = 2004,
	type = {PhD thesis},
	language = {Fran{\c c}ais},
	month = Dec,
	url = {http://tel.archives-ouvertes.fr/tel-00449609},
	affiliation = {Laboratoire d'Informatique, de Traitement de l'Information et des
	Syst{\`e}mes - LITIS},
	file = {:/home/Thibaut/Recherche/Thèses/Bardet/Bar04.pdf:PDF},
	hal_id = {tel-00449609},
	keywords = {Bases de Gr{\"o}bner ; algorithme F5 ; Codes correcteurs d'erreur
	; d{\'e}codage des codes cycliques ; analyse asymptotique ; Fonction
	d'Airy},
	owner = {Thibaut},
	pdf = {http://tel.archives-ouvertes.fr/tel-00449609/PDF/these\_Bardet.pdf},
	school = {Universit{\'e} Pierre et Marie Curie - Paris VI},
	timestamp = {2013.04.23}
}

@article{Buch76,
	author = {Buchberger, Bruno},
	title = {A theoretical basis for the reduction of polynomials to canonical
	forms},
	year = {1976},
	volume = {10},
	number = {3},
	pages = {19--29},
	journal = {ACM SIGSAM Bulletin},
	mrclass = {12-04 (68A10)},
	mrnumber = {0463136 (57 \#3097)},
	mrreviewer = {J.-C. Herz},
	owner = {Thibaut},
	timestamp = {2013.04.23}
}



@article{Collart97,
	author = {Collart, Stéphane and Kalkbrenner, Michael and Mall, Daniel},
	title = {Converting bases with the {G}r\"{o}bner walk},
	abstract = {We present an algorithm which converts a given Gr\"{o}bner basis of a polynomial idealIto a Gr\"{o}bner basis ofIwith respect to another term order. The conversion is done in several steps following a path in the Gr\"{o}bner fan ofI. Each conversion step is based on the computation of a Gr\"{o}bner basis of a toric degeneration of I.},
	length = {5},
	copyright = {Academic Press},
	url = {dx.doi.org/10.1006/jsco.1996.0145},
	language = {English},
	journal = {Journal of Symbolic Computation},
	series = {Special issue on computational algebra and number theory: proceedings of the first MAGMA conference},
	volume = {24},
	number = {3-4},
	pages = {465-469},
	publisher = {Academic Press, Inc.},
	address = {Duluth, MN, USA},
	year = {1997},
	refereed = {0}
}

@proceedings{DBLP:conf/eurocal/1983,
	editor = {J. A. van Hulzen},
	title = {Computer Algebra, EUROCAL '83, European Computer Algebra Conference,
	London, England, March 28-30, 1983, Proceedings},
	year = {1983},
	volume = {162},
	series = {Lecture Notes in Computer Science},
	publisher = {Springer},
	isbn = {3-540-12868-9},
	bibsource = {DBLP, http://dblp.uni-trier.de},
	booktitle = {EUROCAL}
}

@inproceedings{DickensteinEmiris2002,
	author = {Dickenstein, Alicia and Emiris, Ioannis Z.},
	title = {Multihomogeneous resultant matrices},
	booktitle = {{Proceedings of the 2002 International Symposium on Symbolic and
	Algebraic Computation}},
	year = {2002},
	publisher = {ACM},
	pages = {46--54},
	doi = {10.1145/780506.780513},
	url = {http://dx.doi.org/10.1145/780506.780513},
	__markedentry = {[Thibaut:]},
	address = {New York},
	mrclass = {13P99 (68W30)},
	mrnumber = {2035232 (2005h:13044)},
	mrreviewer = {Carlos D'Andrea},
	owner = {Thibaut},
	timestamp = {2013.04.23}
}

@incollection{Dolgachev82,
	author = {Dolgachev, Igor},
	editor = {Carrell, James},
	booktitle = {Group Actions and Vector Fields},
	year = {1982},
	volume = {956},
	series = {Lecture Notes in Mathematics},
	note = {10.1007/BFb0101508},
	publisher = {Springer Berlin / Heidelberg},
	isbn = {978-3-540-11946-3},
	pages = {34-71},
	url = {http://dx.doi.org/10.1007/BFb0101508},
	keyword = {Mathematics and Statistics},
	title = {Weighted projective varieties}
}

@inproceedings{F10c,
	author = {Faugère, Jean-Charles},
	editor = {Fukuda, Komei and Hoeven, Joris and Joswig, Michael and Takayama,
	Nobuki},
	title = {{FGb: A Library for Computing Gröbner Bases}},
	booktitle = {{Mathematical Software - ICMS 2010}},
	year = {2010},
	volume = {6327},
	series = {Lecture Notes in Computer Science},
	publisher = {Springer Berlin / Heidelberg},
	location = {Kobe, Japan},
	month = Sep,
	pages = {84--87},
	doi = {10.1007/978-3-642-15582-6_17},
	url = {http://www-polsys.lip6.fr/~jcf/Papers/ICMS.pdf},
	__markedentry = {[Thibaut:]},
	address = {Berlin, Heidelberg},
	labs = {LIP6},
	owner = {Thibaut},
	teams = {SALSA},
	timestamp = {2013.04.23},
	x-editorial-board = {yes},
	x-international-audience = {yes},
	x-invited-conference = {yes},
	x-proceedings = {yes}
}

@article{F99a,
	author = {Faug{\`e}re, Jean-Charles},
	title = {A new efficient algorithm for computing {G}r\"obner bases {$(F_4)$}},
	year = 1999,
	volume = 139,
	number = {1-3},
	pages = {61--88},
	note = {Effective methods in algebraic geometry (Saint-Malo, 1998)},
	issn = {0022-4049},
	doi = {10.1016/S0022-4049(99)00005-5},
	url = {http://dx.doi.org/10.1016/S0022-4049(99)00005-5},
	__markedentry = {[Thibaut:]},
	coden = {JPAAA2},
	journal = {Journal of Pure and Applied Algebra},
	shortjournal = {J. Pure Appl. Algebra},
	mrclass = {13P10},
	mrnumber = {1700538 (2000c:13038)},
	mrreviewer = {Ralf Fr{\"o}berg},
	owner = {Thibaut},
	timestamp = {2013.04.23}
}

@misc{FGHR12,
	author = {Faugère, Jean-Charles and Gaudry, Pierrick and Huot, Louise and Renault,
	Guénaël},
	title = {Using Symmetries in the Index Calculus for Elliptic Curves Discrete
	Logarithm},
	year = {2012},
	howpublished = {Cryptology ePrint Archive, Report 2012/199},
	url = {http://eprint.iacr.org/2012/199},
	__markedentry = {[Thibaut:]},
	owner = {Thibaut},
	timestamp = {2013.04.23}
}

@article{FGHR13,
	author = {Faugère, Jean-Charles and Gaudry, Pierrick and Huot, Louise and Renault, Guénaël},
	title = {Using Symmetries in the Index Calculus for Elliptic Curves Discrete Logarithm},
	year = {2013},
	issn = {0933-2790},
	journal = {Journal of Cryptology},
	doi = {10.1007/s00145-013-9158-5},
	url = {http://dx.doi.org/10.1007/s00145-013-9158-5},
	publisher = {Springer US},
	keywords = {ECDLP; Edwards curves; Elliptic curves; Decomposition attack; Gröbner basis with symmetries; Index calculus; Jacobi intersections curves},
	pages = {1-41},
	language = {English}
}

@article{FGLM,
	author = {Faug{\`e}re, Jean-Charles and Gianni, Patricia and Lazard, Daniel and Mora, Teo},
	title = {Efficient computation of zero-dimensional {G}r\"obner bases by change
	of ordering},
	year = {1993},
	volume = {16},
	number = {4},
	pages = {329--344},
	issn = {0747-7171},
	doi = {10.1006/jsco.1993.1051},
	url = {http://dx.doi.org/10.1006/jsco.1993.1051},
	__markedentry = {[Thibaut:]},
	journal = {Journal of Symbolic Computation},
	shortjournal = {J. Symbolic Comput.},
	mrclass = {68Q40},
	mrnumber = {1263871 (94k:68095)},
	owner = {Thibaut},
	timestamp = {2013.04.23}
}

@incollection{FJ03,
	author = {Faug{\`e}re, Jean-Charles and Joux, Antoine},
	title = {Algebraic cryptanalysis of hidden field equation ({HFE}) cryptosystems
	using {G}r\"obner bases},
	booktitle = {Advances in cryptology---{CRYPTO} 2003},
	year = {2003},
	volume = {2729},
	series = {Lecture Notes in Comput. Sci.},
	publisher = {Springer},
	pages = {44--60},
	doi = {10.1007/978-3-540-45146-4_3},
	url = {http://dx.doi.org/10.1007/978-3-540-45146-4_3},
	__markedentry = {[Thibaut:]},
	address = {Berlin},
	mrclass = {94A60 (13P10 68W30)},
	mrnumber = {2093185 (2005e:94140)},
	owner = {Thibaut},
	timestamp = {2013.04.23}
}

@incollection{FR09,
	author = {Faug{\`e}re, Jean-Charles and Rahmany, Sajjad},
	title = {Solving systems of polynomial equations with symmetries using {SAGBI}-{G}r\"obner
	bases},
	booktitle = {I{SSAC} 2009---{P}roceedings of the 2009 {I}nternational {S}ymposium
	on {S}ymbolic and {A}lgebraic {C}omputation},
	year = {2009},
	publisher = {ACM},
	pages = {151--158},
	doi = {10.1145/1576702.1576725},
	url = {http://dx.doi.org/10.1145/1576702.1576725},
	__markedentry = {[Thibaut:]},
	address = {New York},
	mrclass = {13P10 (68W30)},
	mrnumber = {2742703 (2012a:13050)},
	mrreviewer = {Teresa E. Krick},
	owner = {Thibaut},
	timestamp = {2013.04.23}
}

@inproceedings{FS12,
	author = {Faugère, Jean-Charles and Svartz, Jules},
	title = {{Solving Polynomial Systems Globally Invariant Under an Action of
	the Symmetric Group and Application to the Equilibria of N vortices
	in the Plane}},
	booktitle = {ISSAC '12: Proceedings of the 2012 international symposium on Symbolic
	and algebraic computation},
	year = {2012},
	pages = {170--178},
	url = {http://www-polsys.lip6.fr/~jcf/Papers/FS12.pdf},
	dontprint-address = {New York, NY, USA},
	dontprint-isbn = {978-1-4503-1269},
	dontprint-location = {Grenoble, France},
	dontprint-note = {accepted},
	dontprint-publisher = {ACM},
	dontprint-series = {ISSAC '12},
	labs = {LIP6},
	lip6-rank = {A},
	teams = {POLSYS},
	x-editorial-board = {yes},
	x-international-audience = {yes},
	x-proceedings = {yes}
}

@article{FSS10b,
	author = {Faug{\`e}re, Jean-Charles and Safey El Din, Mohab and Spaenlehauer,
	Pierre-Jean},
	title = {Gr\"obner bases of bihomogeneous ideals generated by polynomials
	of bidegree {$(1,1)$}: algorithms and complexity},
	year = {2011},
	volume = {46},
	number = {4},
	pages = {406--437},
	issn = {0747-7171},
	doi = {10.1016/j.jsc.2010.10.014},
	url = {http://dx.doi.org/10.1016/j.jsc.2010.10.014},
	__markedentry = {[Thibaut:]},
	fjournal = {Journal of Symbolic Computation},
	journal = {J. Symbolic Comput.},
	mrclass = {13P10 (13P15 68W30)},
	mrnumber = {2765378 (2012b:13073)},
	mrreviewer = {Jos{\'e} Ignacio Farr{\'a}n},
	owner = {Thibaut},
	timestamp = {2013.04.23}
}

@inproceedings{FSS14,
	teams = {POLSYS},
	labs = {LIP6},
	lip6-rank = {A},
	hal_id = {hal-00953501},
	url = {http://hal.archives-ouvertes.fr/hal-00953501},
	title = {{Sparse Gröbner Bases: the Unmixed Case}},
	author = {Faugère, Jean-Charles and Spaenlehauer, Pierre-Jean and Svartz, Jules},
	affiliation = {POLSYS - INRIA Paris-Rocquencourt , CARAMEL - INRIA Nancy - Grand Est / LORIA},
	booktitle = {{Proceedings of the 39th International Symposium on Symbolic and Algebraic Computation (ISSAC 2014)}},
	pages = {178--185},
	isbn = {978-1-4503-2501-1},
	address = {Kobe, Japon},
	audience = {internationale },
	doi = {10.1145/2608628.2608663 },
	year = {2014},
	month = may,
	pdf = {http://hal.archives-ouvertes.fr/hal-00953501/PDF/GroebnerCreux.pdf}
}


@inproceedings{Fau02a,
	author = {Faug{\`e}re, Jean-Charles},
	title = {A new efficient algorithm for computing {G}r\"obner bases without
	reduction to zero {$(F_5)$}},
	booktitle = {Proceedings of the 2002 {I}nternational {S}ymposium on {S}ymbolic
	and {A}lgebraic {C}omputation},
	year = {2002},
	publisher = {ACM},
	pages = {75--83 (electronic)},
	doi = {10.1145/780506.780516},
	url = {http://dx.doi.org/10.1145/780506.780516},
	__markedentry = {[Thibaut:]},
	address = {New York},
	mrclass = {13P10 (68W30)},
	mrnumber = {2035234 (2005c:13033)},
	mrreviewer = {Thomas Bayer},
	owner = {Thibaut},
	timestamp = {2013.04.23}
}

@article{Fro85,
	author = {Fr{\"o}berg, Ralf},
	journal = {Mathematica Scandinavica},
	keywords = {Hilbert series; graded algebras; extremal rings; Cohen-Macaulay; Poincaré series},
	language = {eng},
	pages = {117-144},
	title = {{An inequality for Hilbert series of graded algebras}},
	url = {http://eudml.org/doc/166929},
	volume = 56,
	year = 1985
}

@inproceedings{Geir02,
	author = {Agnarsson, Geir},
	title = {On the {S}ylvester denumerants for general restricted partitions},
	booktitle = {Proceedings of the {T}hirty-third {S}outheastern {I}nternational
	{C}onference on {C}ombinatorics, {G}raph {T}heory and {C}omputing
	({B}oca {R}aton, {FL}, 2002)},
	year = {2002},
	volume = {154},
	pages = {49--60},
	__markedentry = {[Thibaut:]},
	fjournal = {Congressus Numerantium. A Conference Journal on Numerical Themes},
	issn = {0384-9864},
	journal = {Congr. Numer.},
	mrclass = {05A17 (05A16)},
	mrnumber = {1980028 (2004e:05023)},
	owner = {Thibaut},
	timestamp = {2013.04.23}
}

@book{Hartshorne77,
	author = {Hartshorne, Robin},
	title = {Algebraic geometry},
	year = {1977},
	note = {Graduate Texts in Mathematics, No. 52},
	publisher = {Springer-Verlag},
	isbn = {0-387-90244-9},
	pages = {xvi+496},
	__markedentry = {[Thibaut:]},
	address = {New York},
	mrclass = {14-01},
	mrnumber = {0463157 (57 \#3116)},
	mrreviewer = {Robert Speiser},
	owner = {Thibaut},
	timestamp = {2013.04.23}
}

@inproceedings{Lazard83,
	author = {Lazard, Daniel},
	title = {Gr{\"o}bner-Bases, Gaussian elimination and resolution of systems
	of algebraic equations},
	booktitle = {EUROCAL},
	year = {1983},
	pages = {146-156},
	bibsource = {DBLP, http://dblp.uni-trier.de},
	crossref = {DBLP:conf/eurocal/1983},
	ee = {http://dx.doi.org/10.1007/3-540-12868-9\_99}
}

@book{Lucas1891,
	publisher = {Gauthier-Villars et fils},
	year = {1891},
	dontprint-url = {http://books.google.fr/books?id=V5IKAAAAYAAJ},
	series = {Th{\'e}orie des nombres},
	volume = {1},
	author = {Lucas, {\'E}douard},
	title = {Th{\'e}orie des nombres}
}

@article{MS03,
	author = {Moreno-Soc\'ias, Guillermo},
	title = {{Degrevlex {G}r{\"o}bner bases of generic complete intersections}},
	year = {2003},
	volume = {180},
	pages = {263--283},
	url = {http://www.sciencedirect.com/science/article/pii/S0022404902002979},
	file = {:home/Thibaut/Dropbox/Memoire/Textes/Moreno-Socias2003.pdf:pdf},
	journal = {Journal of Pure and Applied Algebra}
}

@phdthesis{MS91,
	author = {Moreno-Soc\'ias, Guillermo},
	title = {Autour de la fonction de {H}ilbert-{S}amuel (escaliers d'idéaux polynomiaux)},
	year = {1991},
	url = {http://cat.inist.fr/?aModele=afficheN\&amp;cpsidt=151245},
	file = {:home/Thibaut/T\'{e}l\'{e}chargements/10.1.1.57.6883.pdf:pdf}
}

@misc{MS96,
	author = {Moreno-Soc{\'i}as, Guillermo},
	title = {Revlex standard bases of generic complete intersections},
	note = {Technical report},
	year = 1996
}

@misc{Macaulay2,
	author = {Grayson, Daniel R. and Stillman, Michael E.},
        year = {2014},
	title = {Macaulay2, a software system for research in algebraic geometry},
	howpublished = {Available at \url{http://www.math.uiuc.edu/Macaulay2/}},
        shorthand = {Macaulay2}
}

@article{Magma,
	author = {Bosma, Wieb and Cannon, John and Playoust, Catherine},
	title = {The {M}agma algebra system. {I}. {T}he user language},
	year = 1997,
	volume = 24,
	number = {3-4},
	pages = {235--265},
	note = {Computational algebra and number theory (London, 1993)},
	issn = {0747-7171},
	doi = {10.1006/jsco.1996.0125},
	url = {http://dx.doi.org/10.1006/jsco.1996.0125},
	__markedentry = {[Thibaut:]},
	journal = {Journal of Symbolic Computation},
	shortjournal = {J. Symbolic Comput.},
	mrclass = {68Q40},
	mrnumber = 1484478,
	owner = {Thibaut},
	timestamp = {2013.04.23},
        %shorthand = {Magma}
}

@misc{Maple,
title={{Computer Algebra System}},
author={{Waterloo Maple (Maplesoft)}},
url={www.maplesoft.com/products/maple/},
%shorthand={Maple}
}


@misc{MilneAG,
	author = {Milne, James S.},
	title = {Algebraic Geometry (v5.22)},
	year = {2012},
	note = {Available at \url{www.jmilne.org/math/}},
	__markedentry = {[Thibaut:]},
	owner = {Thibaut},
	pages = {260},
	timestamp = {2013.04.23}
}

@book{Niven1991,
	title = {An introduction to the theory of numbers},
	author = {Niven, Ivan M. and Zuckerman, Herbert S. and Montgomery, Hugh L.},
	isbn = {9780471625469},
	lccn = {90013013},
	dontprint-url = {http://books.google.fr/books?id=9V8PAQAAMAAJ},
	year = {1991},
	publisher = {Wiley}
}

@article{Pardue2010,
	author = {Pardue, Keith},
	title = {Generic sequences of polynomials},
	shortjournal = {J. Algebra},
	journal = {Journal of Algebra},
	volume = {324},
	year = {2010},
	number = {4},
	pages = {579--590},
	issn = {0021-8693},
	coden = {JALGA4},
	mrclass = {13D40 (13P10)},
	mrnumber = {2651558 (2011i:13016)},
	mrreviewer = {Anda Olteanu},
	doi = {10.1016/j.jalgebra.2010.04.018},
	url = {http://dx.doi.org/10.1016/j.jalgebra.2010.04.018}
}

@article{ReidRobertsRoitman1991,
	author = {Reid, Les and Roberts, Leslie G. and Roitman, Moshe},
	title = {On complete intersections and their {H}ilbert functions},
	shortjournal = {Canad. Math. Bull.},
	journal = {Canadian Mathematical Bulletin},
	volume = 34,
	year = 1991,
	number = 4,
	pages = {525--535},
	issn = {0008-4395},
	coden = {CMBUA3},
	mrclass = {13D40 (13C40 13H10 14M10)},
	mrnumber = {1136655 (93b:13025)},
	mrreviewer = {R{\"u}diger Achilles},
	doi = {10.4153/CMB-1991-083-9},
	url = {http://dx.doi.org/10.4153/CMB-1991-083-9}
}

@article{Robbiano86,
	author = {Robbiano, Lorenzo},
	title = {On the theory of graded structures},
	year = {1986},
	volume = {2},
	number = {2},
	pages = {139--170},
	issn = {0747-7171},
	doi = {10.1016/S0747-7171(86)80019-0},
	url = {http://dx.doi.org/10.1016/S0747-7171(86)80019-0},
	__markedentry = {[Thibaut:]},
	fjournal = {Journal of Symbolic Computation},
	journal = {J. Symbolic Comput.},
	mrclass = {13C05 (13-04 13A15 18D35 68Q40)},
	mrnumber = {849048 (87j:13010)},
	mrreviewer = {Manfred Herrmann},
	owner = {Thibaut},
	timestamp = {2013.04.23}
}

@unpublished{Salvy2012,
	author = {Bardet, Magali and Faugère, Jean-Charles and Salvy, Bruno},
	title = {{On the Complexity of the F5 Gröbner basis Algorithm}},
	year = {2012},
	note = {Private communication},
	__markedentry = {[Thibaut:]},
	file = {:home/Thibaut/.local/share/data/Mendeley                  Ltd./Mendeley Desktop/Downloaded/Salvy, Bardet -                  2012 - On the Complexity of the F 5 Gr¨ obner basis                  Algorithm.pdf:pdf},
	keywords = {complexity,f 5 algorithm,gr,noether,obner bases,regular sequences},
	number = {January},
	owner = {Thibaut},
	timestamp = {2013.04.23}
}

@misc{Singular,
	title = {{{\textsc{Singular}}} {3-1-6} --- {A} computer algebra system for polynomial computations},
	author = {Decker, Wolfram and Greuel, Gert-Martin and Pfister, Gerhard and Sch\"onemann, Hans},
	year = {2012},
	howpublished = {\url{http://www.singular.uni-kl.de}},
        shorthand = {Singular}
}

@unpublished{SparseFGLM,
	author = {Faug{\`e}re, Jean-Charles and Mou, Chenqi},
	title = {{Sparse FGLM algorithms}},
	year = {2013},
	language = {Anglais},
	note = {Preprint available at \url{http://hal.inria.fr/hal-00807540}},
	url = {http://hal.inria.fr/hal-00807540},
	__markedentry = {[Thibaut:]},
	abstract = {{Given a zero-dimensional ideal $I \subset \kx$ of degree $D$, the
	transformation of the ordering of its \grobner basis from DRL to
	LEX is a key step in polynomial system solving and turns out to be
	the bottleneck of the whole solving process. Thus it is of crucial
	importance to design efficient algorithms to perform the change of
	ordering. The main contributions of this paper are several efficient
	methods for the change of ordering which take advantage of the sparsity
	of multiplication matrices in the classical {\sf FGLM} algorithm.
	Combing all these methods, we propose a deterministic top-level algorithm
	that automatically detects which method to use depending on the input.
	As a by-product, we have a fast implementation that is able to handle
	ideals of degree over $40000$. Such an implementation outperforms
	the {\sf Magma} and {\sf Singular} ones, as shown by our experiments.
	First for the shape position case, two methods are designed based
	on the Wiedemann algorithm: the first is probabilistic and its complexity
	to complete the change of ordering is $O(D(N\_1+n\log (D)))$, where
	$N\_1$ is the number of nonzero entries of a multiplication matrix;
	the other is deterministic and computes the LEX \grobner basis of
	$\sqrt{I}$ via Chinese Remainder Theorem. Then for the general case,
	the designed method is characterized by the Berlekamp--Massey--Sakata
	algorithm from Coding Theory to handle the multi-dimensional linearly
	recurring relations. Complexity analyses of all proposed methods
	are also provided. Furthermore, for generic polynomial systems, we
	present an explicit formula for the estimation of the sparsity of
	one main multiplication matrix, and prove its construction is free.
	With the asymptotic analysis of such sparsity, we are able to show
	for generic systems the complexity above becomes $O(\sqrt{6/n \pi}
	D^{2+\frac{n-1}{n}})$.}},
	affiliation = {SALSA - INRIA Rocquencourt , Laboratoire d'Informatique de Paris 6
	- LIP6 , POLSYS - INRIA Paris-Rocquencourt},
	hal_id = {hal-00807540},
	keywords = {\grobner bases \sep Change of ordering \sep Zero-dimensional ideals
	\sep Sparse matrix \sep Wiedemann algorithm \sep {\sf BMS} algorithm},
	owner = {Thibaut},
	pdf = {http://hal.inria.fr/hal-00807540/PDF/SparseFGLM.pdf},
	timestamp = {2013.04.23}
}

@article{Stanley78,
	author = {Stanley, Richard P.},
	title = {Hilbert functions of graded algebras},
	year = {1978},
	volume = {28},
	number = {1},
	pages = {57--83},
	issn = {0001-8708},
	__markedentry = {[Thibaut:]},
	fjournal = {Advances in Mathematics},
	journal = {Advances in Math.},
	mrclass = {13D10 (13H10)},
	mrnumber = {0485835 (58 \#5637)},
	mrreviewer = {Idun Reiten},
	owner = {Thibaut},
	timestamp = {2013.04.23}
}

@article{Tra1996,
	author = "Carlo Traverso",
	url = "http://www.sciencedirect.com/science/article/pii/S0747717196900565",
	doi = "http://dx.doi.org/10.1006/jsco.1996.0056",
	issn = "0747-7171",
	year = 1996,
	pages = "355 - 376",
	number = 4,
	volume = 22,
	journal = "Journal of Symbolic Computation ",
	title = {{Hilbert Functions and the Buchberger Algorithm}}
}

@article{Verschelde:1999,
	author = {Verschelde, Jan},
	title = {Algorithm 795: PHCpack: a general-purpose solver for polynomial systems
	by homotopy continuation},
	year = {1999},
	volume = {25},
	number = {2},
	month = jun,
	pages = {251--276},
	issn = {0098-3500},
	doi = {10.1145/317275.317286},
	url = {http://doi.acm.org/10.1145/317275.317286},
	acmid = {317286},
	address = {New York, NY, USA},
	issue_date = {June 1999},
	journal = {ACM Trans. Math. Softw.},
	keywords = {B{\'e}zout number, Bernshtein's theorem, Schubert calculus, enumerative
	geometry, homotopy continuation, mixed volume, polyhedral homotopy,
	polynomial systems, root count, start system},
	numpages = {26},
	publisher = {ACM}
}

@article{alfonsin1998,
	author = "Alfonsín, Jorge L. Ramírez",
	title = "On variations of the subset sum problem ",
	journal = "Discrete Applied Mathematics ",
	volume = "81",
	number = "1–3",
	pages = "1 - 7",
	year = "1998",
	note = "",
	issn = "0166-218X",
	doi = "http://dx.doi.org/10.1016/S0166-218X(96)00105-9",
	url = "http://www.sciencedirect.com/science/article/pii/S0166218X96001059",
	keywords = "The Subset Sum Problem "
}

@book{alfonsin2005,
	author = "Alfonsín, Jorge L. Ramírez",
	title = "The Diophantine Frobenius Problem",
	publisher = "Oxford University Press",
	address = "Oxford",
	series = "Oxford Lecture Series in Mathematics and Its Applications",
	year = "2005"
}

@book{becker1993grobner,
	author = {Becker, Thomas and Weispfenning, Volker},
	title = {Gr\"obner bases},
	year = 1993,
	volume = 141,
	series = {Graduate Texts in Mathematics},
	note = {A computational approach to commutative algebra, In cooperation with
	Heinz Kredel},
	publisher = {Springer-Verlag},
	isbn = {0-387-97971-9},
	pages = {xxii+574},
	doi = {10.1007/978-1-4612-0913-3},
	url = {http://dx.doi.org/10.1007/978-1-4612-0913-3},
	__markedentry = {[Thibaut:]},
	address = {New York},
	mrclass = {13P10 (13-01)},
	mrnumber = {1213453 (95e:13018)},
	mrreviewer = {J{\"o}rgen Backelin},
	owner = {Thibaut},
	timestamp = {2013.04.23}
}

@book{bourbaki2002elements,
	author = {Bourbaki, Nicolas},
	title = {Elements of Mathematics},
	year = {2002},
	publisher = {Springer},
	isbn = {9783540426509},
	chapter = {5},
	dontprint-url = {http://books.google.fr/books?id=2CSYFcgAlRMC}
}

@inbook{bourbakipoincare,
	pages = {108--110},
	crossref = {bourbaki2002elements}
}

@article{colliot87a,
	author = {Colliot-Th{\'e}l{\`e}ne, Jean-Louis and Sansuc, Jean-Jacques and
	Swinnerton-Dyer, Peter},
	title = {Intersections of two quadrics and {C}h\^atelet surfaces. {I}},
	year = {1987},
	volume = {373},
	pages = {37--107},
	issn = {0075-4102},
	coden = {JRMAA8},
	fjournal = {Journal f\"ur die Reine und Angewandte Mathematik},
	journal = {J. Reine Angew. Math.},
	mrclass = {11G35 (11E81 14J20 14J26)},
	mrnumber = {870307 (88m:11045a)},
	mrreviewer = {Noriko Yui}
}

@book{cox07,
	author = {Cox, David and Little, John and O'Shea, Donal},
	title = {Ideals, varieties, and algorithms},
	year = {2007},
	edition = {Third},
	series = {Undergraduate Texts in Mathematics},
	note = {An introduction to computational algebraic geometry and commutative
	algebra},
	publisher = {Springer},
	isbn = {978-0-387-35650-1; 0-387-35650-9},
	pages = {xvi+551},
	doi = {10.1007/978-0-387-35651-8},
	url = {http://dx.doi.org/10.1007/978-0-387-35651-8},
	address = {New York},
	mrclass = {13P10 (13-01 14-01 14Qxx 68W30)},
	mrnumber = {2290010 (2007h:13036)}
}

@article{dalzotto2005,
	title = {On non-standard graded algebras},
	url = {http://arxiv.org/abs/math/0506333},
	abstract = {Positively graded algebras are fairly natural objects which are arduous to be studied. In this article we query quotients of non-standard graded polynomial rings with combinatorial and commutative algebra methods.},
	author = {Dalzotto, Giorgio and Sbarra, Enrico},
	urldate = {2014-06-30},
	date = {2005-06-16},
	eprinttype = {arxiv},
	eprint = {math/0506333},
	keywords = {{13A02}, {13D02}, {13D40}, {13D45}, {16W50}, Mathematics - Commutative Algebra},
	file = {arXiv\:math/0506333 PDF:/home/polsys1/verron/.zotero/zotero/6wbf0y82.default/zotero/storage/2W8644S5/Dalzotto et Sbarra - 2005 - On non-standard graded algebras.pdf:application/pdf;arXiv.org Snapshot:/home/polsys1/verron/.zotero/zotero/6wbf0y82.default/zotero/storage/NC7AJVKB/0506333.html:text/html}
}

@article{dalzotto2006,
	title = {Computations in weighted polynomial rings},
	author = {Dalzotto, Giorgio and Sbarra, Enrico},
	volume = {14(2)},
	url = {http://www.anstuocmath.ro/mathematics/pdf12/31_44_GDalzotto_ESbarra.pdf},
	pages = {31-44},
	journal = {Analele Stiintifice ale Universitatii Ovidius Constanta},
	year = {2006},
	file = {31_44_GDalzotto_ESbarra.pdf:/home/polsys1/verron/.zotero/zotero/6wbf0y82.default/zotero/storage/7IRRFGJF/31_44_GDalzotto_ESbarra.pdf:application/pdf;COMPUTATIONS IN WEIGHTED POLYNOMIAL RINGS - ResearchGate:/home/polsys1/verron/.zotero/zotero/6wbf0y82.default/zotero/storage/KCHTHG3T/251254707_COMPUTATIONS_IN_WEIGHTED_POLYNOMIAL_RINGS.html:text/html}
}

@book{eisenbud95,
	author = {Eisenbud, David},
	title = {Commutative algebra},
	year = {1995},
	volume = {150},
	series = {Graduate Texts in Mathematics},
	note = {With a view toward algebraic geometry},
	publisher = {Springer-Verlag},
	isbn = {0-387-94268-8; 0-387-94269-6},
	pages = {xvi+785},
	doi = {10.1007/978-1-4612-5350-1},
	url = {http://dx.doi.org/10.1007/978-1-4612-5350-1},
	__markedentry = {[Thibaut:]},
	address = {New York},
	mrclass = {13-01 (14A05)},
	mrnumber = {1322960 (97a:13001)},
	mrreviewer = {Matthew Miller},
	owner = {Thibaut},
	timestamp = {2013.04.23}
}

@book{greuel2007introduction,
	author = {Greuel, G.M. and Lossen, C. and Shustin, E.},
	title = {Introduction to singularities and deformations},
	year = {2007},
	series = {Springer monographs in mathematics},
	publisher = {Springer},
	isbn = {9783540283805},
	dontprint-url = {http://books.google.fr/books?id=\_qYrAAAAYAAJ},
	lccn = {2006935374}
}

@article{poonen09,
	author = {Poonen, Bjorn},
	title = {Existence of rational points on smooth projective varieties},
	year = {2009},
	volume = {11},
	number = {3},
	pages = {529--543},
	issn = {1435-9855},
	doi = {10.4171/JEMS/159},
	url = {http://dx.doi.org/10.4171/JEMS/159},
	fjournal = {Journal of the European Mathematical Society (JEMS)},
	journal = {J. Eur. Math. Soc. (JEMS)},
	mrclass = {14G05 (11G35 11U05)},
	mrnumber = {2505440 (2010c:14019)},
	mrreviewer = {Timothy D. Browning}
}

@book{serre68,
	author = {Serre, Jean-Pierre},
	title = {Corps locaux},
	year = {1968},
	note = {Deuxi{\`e}me {\'e}dition, Publications de l'Universit{\'e} de Nancago,
	No. VIII},
	publisher = {Hermann},
	pages = {245},
	address = {Paris},
	mrclass = {12BXX (14GXX)},
	mrnumber = {0354618 (50 \#7096)}
}

@book{serre77,
	author = {Serre, Jean-Pierre},
	title = {Cours d'arithm\'etique},
	year = {1977},
	note = {Deuxi{\`e}me {\'e}dition revue et corrig{\'e}e, Le Math{\'e}maticien,
	No. 2},
	publisher = {Presses Universitaires de France},
	pages = {188},
	address = {Paris},
	mrclass = {10-01},
	mrnumber = {0498338 (58 \#16473)},
	mrreviewer = {J. S. Joel}
}

@book{serre97,
	author = {Serre, Jean-Pierre},
	title = {Lectures on the {M}ordell-{W}eil theorem},
	year = {1997},
	edition = {Third},
	series = {Aspects of Mathematics},
	note = {Translated from the French and edited by Martin Brown from notes
	by Michel Waldschmidt, With a foreword by Brown and Serre},
	publisher = {Friedr. Vieweg \& Sohn},
	isbn = {3-528-28968-6},
	pages = {x+218},
	address = {Braunschweig},
	mrclass = {11G10 (11D41 11G30 14G25)},
	mrnumber = {1757192 (2000m:11049)}
}

@article{szpiro85,
	author = {Szpiro, Lucien},
	title = {Un peu d'effectivit\'e},
	year = {1985},
	number = {127},
	pages = {275--287},
	note = {Seminar on arithmetic bundles: the Mordell conjecture (Paris, 1983/84)},
	issn = {0303-1179},
	fjournal = {Ast\'erisque},
	journal = {Ast\'erisque},
	mrclass = {11D41 (14G25 14H25)},
	mrnumber = {801928}
}

@article{Wampler1990,
  title={Numerical continuation methods for solving polynomial systems arising in kinematics},
  author={Wampler, C.W. and Morgan, A.P. and Sommese, A.P.},
  journal={Journal of mechanical design},
  volume={112},
  number={1},
  pages={59--68},
  year={1990},
  publisher={American Society of Mechanical Engineers}
}

@book{Sommese2005,
  title={The Numerical Solution of Systems of Polynomials Arising in Engineering and Science},
  author={Sommese, Andrew John and Wampler, Charles Weldon},
  isbn={9789812567727},
  year={2005},
  publisher={World Scientific Publishing Company, Incorporated}
}

@article{Aubry1999,
                    author = {Aubry, Philippe and Lazard, Daniel and Moreno Maza, Marc},
                     title = {{O}n the theories of triangular sets},
                   journal = {{J}ournal of {S}ymbolic {C}omputation, {S}pecial {I}ssue on {P}olynomial {E}limination},
                    volume = {28},
                      year = {1999},
                     pages = {105-124},
                       doi = {10.1006/jsco.1999.0269}
}

@article{Giusti2001,
title = "A Gröbner Free Alternative for Polynomial System Solving ",
journal = "Journal of Complexity ",
volume = "17",
number = "1",
pages = "154 - 211",
year = "2001",
issn = "0885-064X",
doi = "http://dx.doi.org/10.1006/jcom.2000.0571",
url = "http://www.sciencedirect.com/science/article/pii/S0885064X00905715",
author = "Giusti, Marc and Lecerf, Grégoire and Salvy, Bruno",
keywords = "polynomial system solving",
keywords = "elimination",
keywords = "geometric resolution ",
abstract = "Given a system of polynomial equations and inequations with coefficients in the field of rational numbers, we show how to compute a geometric resolution of the set of common roots of the system over the field of complex numbers. A geometric resolution consists of a primitive element of the algebraic extension defined by the set of roots, its minimal polynomial, and the parametrizations of the coordinates. Such a representation of the solutions has a long history which goes back to Leopold Kronecker and has been revisited many times in computer algebra. We introduce a new generation of probabilistic algorithms where all the computations use only univariate or bivariate polynomials. We give a new codification of the set of solutions of a positive dimensional algebraic variety relying on a new global version of Newton's iterator. Roughly speaking the complexity of our algorithm is polynomial in some kind of degree of the system, in its height, and linear in the complexity of evaluation of the system. We present our implementation in the Magma system which is called Kronecker in homage to his method for solving systems of polynomial equations. We show that the theoretical complexity of our algorithm is well reflected in practice and we exhibit some cases for which our program is more efficient than the other available software. "
}

@incollection{Cattani2005,
  title={Introduction to residues and resultants},
  author={Cattani, Eduardo and Dickenstein, Alicia},
  booktitle={Solving polynomial equations},
  pages={1--61},
  year={2005},
  publisher={Springer Berlin Heidelberg}
}

@article{sturmfels1991,
ajournal = "Tohoku Math. J. (2)",
author = "Sturmfels, Bernd",
doi = "10.2748/tmj/1178227496",
journal = "Tohoku Mathematical Journal",
number = "2",
pages = "249--261",
publisher = "Tohoku University, Mathematical Institute",
title = "Gröbner bases of toric varieties",
url = "http://dx.doi.org/10.2748/tmj/1178227496",
volume = "43",
year = "1991"
}

@book{sturmfels1991sparse,
  title={Sparse elimination theory},
  author={Sturmfels, B.},
  series={Technical report (Cornell University. Mathematical Sciences Institute)},
  year={1991},
  publisher={Mathematical Sciences Institute, Cornell University}
}

@Article{Giusti:1988:CDT,
  author =       "Marc Giusti",
  title =        "Combinatorial dimension theory of algebraic
                 varieties",
  journal =      j-J-SYMBOLIC-COMP,
  volume =       "6",
  number =       "2--3",
  pages =        "249--266 (or 249--265??)",
  month =        oct # "--" # dec,
  year =         "1988",
  CODEN =        "JSYCEH",
  ISSN =         "0747-7171 (print), 1095-855X (electronic)",
  ISSN-L =       "0747-7171",
  MRclass =      "14-04 (68Q40)",
  MRnumber =     "90e:14001",
  MRreviewer =   "Felipe Cucker",
  bibdate =      "Sat May 10 15:54:09 MDT 1997",
  bibsource =    "http://www.math.utah.edu/pub/tex/bib/jsymcomp.bib",
  note =         "Computational aspects of commutative algebra.",
  acknowledgement = ack-nhfb,
  classcodes =   "B0250 (Combinatorial mathematics); B0290F
                 (Interpolation and function approximation); C1160
                 (Combinatorial mathematics); C4130 (Interpolation and
                 function approximation); C7310 (Mathematics)",
  corpsource =   "Centre de Math., Ecole Polytech., Palaiseau, France",
  fjournal =     "Journal of Symbolic Computation",
  journal-URL =  "http://www.sciencedirect.com/science/journal/07477171/",
  keywords =     "algebraic geometry; algebraic varieties; algebraic
                 variety; algorithms; combinatorial dimension theory;
                 combinatorial mathematics; complexity; nonoptimal worst
                 case; polynomials; projective; symbol manipulation;
                 truncation idea",
  treatment =    "T Theoretical or Mathematical",
}


@inproceedings{CDR96,
  author    = {Massimo Caboara and
               Gabriel de Dominicis and
               Lorenzo Robbiano},
  title     = {Multigraded Hilbert Functions and Buchberger Algorithm},
  booktitle = {Proceedings of the 1996 International Symposium on Symbolic and Algebraic
               Computation, {ISSAC} '96, Zurich, Switzerland, July 24-26, 1996},
  pages     = {72--78},
  year      = {1996},
  crossref  = {DBLP:conf/issac/1996},
  url       = {http://doi.acm.org/10.1145/236869.236901},
  doi       = {10.1145/236869.236901},
  timestamp = {Wed, 16 May 2012 18:01:04 +0200},
  biburl    = {http://dblp.uni-trier.de/rec/bib/conf/issac/CaboaraDR96},
  bibsource = {dblp computer science bibliography, http://dblp.org}
}

@proceedings{DBLP:conf/issac/1996,
  editor    = {Erwin Engeler and
               B. F. Caviness and
               Yagati N. Lakshman},
  title     = {Proceedings of the 1996 International Symposium on Symbolic and Algebraic
               Computation, {ISSAC} '96, Zurich, Switzerland, July 24-26, 1996},
  publisher = {{ACM}},
  year      = {1996},
  url       = {http://dl.acm.org/citation.cfm?id=236869},
  isbn      = {0-89791-796-0},
  timestamp = {Wed, 16 May 2012 18:01:04 +0200},
  biburl    = {http://dblp.uni-trier.de/rec/bib/conf/issac/1996},
  bibsource = {dblp computer science bibliography, http://dblp.org}
}

@book{Sturmfels2008,
 author = {Sturmfels, Bernd},
 title = {Algorithms in Invariant Theory (Texts and Monographs in Symbolic Computation)},
 year = {2008},
 isbn = {3211774165, 9783211774168},
 edition = {2nd ed.; VII, 197 pp.; 5 figs.},
 publisher = {Springer Publishing Company, Incorporated},
}

@inbook{deBoerPellikaan1999,
    author = {de Boer, Mario and Pellikaan, Ruud},
    booktitle = {Some tapas in computer algebra},
    citeulike-article-id = {939455},
    citeulike-linkout-0 = {http://www.win.tue.nl/\~{}ruudp/paper/34.pdf},
    editor = {Cohen, A. M. and Cuypers, H. and Sterk, H.},
    keywords = {codes, groebner},
    number = {4},
    pages = {237--259},
    posted-at = {2006-11-10 15:32:40},
    priority = {2},
    publisher = {Springer},
    series = {Algorithms and Computation in Mathematics},
    title = {{Gr\"{o}bner bases for codes}},
    url = {http://www.win.tue.nl/\~{}ruudp/paper/34.pdf},
    year = {1999}
}

@incollection{GuerriniRimoldi2009,
year={2009},
isbn={978-3-540-93805-7},
booktitle={Gröbner Bases, Coding, and Cryptography},
editor={Sala, Massimiliano and Sakata, Shojiro and Mora, Teo and Traverso, Carlo and Perret, Ludovic},
doi={10.1007/978-3-540-93806-4_12},
title={FGLM-Like Decoding: from Fitzpatrick’s Approach to Recent Developments},
url={http://dx.doi.org/10.1007/978-3-540-93806-4_12},
publisher={Springer Berlin Heidelberg},
keywords={FGLM; Gröbner basis; Algebraic coding theory; Decoding; List decoding},
author={Guerrini, Eleonora and Rimoldi, Anna},
pages={197-218},
language={English}
}

@article{Leonard2009,
title ="A weighted module view of integral closures of affine domains of type I",
journal ="Advances in Mathematics of Communications",
volume ="3",
number ="1",
pages ="1-11",
year ="2009",
note ="",
issn ="1930-5346",
doi ="10.3934/amc.2009.3.1",
url ="http://aimsciences.org/journals/displayArticlesnew.jsp?paperID=3953",
author ="Douglas A. Leonard",
keywords ="AG codes",
keywords ="integral closure",
keywords ="normalization",
keywords ="order domains",
}

@article{Gaudry2009,
title = "Index calculus for abelian varieties of small dimension and the elliptic curve discrete logarithm problem ",
journal = "Journal of Symbolic Computation ",
volume = "44",
number = "12",
pages = "1690 - 1702",
year = "2009",
note = "Gröbner Bases in Cryptography, Coding Theory, and Algebraic Combinatorics ",
issn = "0747-7171",
doi = "http://dx.doi.org/10.1016/j.jsc.2008.08.005",
url = "http://www.sciencedirect.com/science/article/pii/S074771710800182X",
author = "Pierrick Gaudry",
keywords = "Discrete logarithm problem",
keywords = "Elliptic curve",
keywords = "Index calculus",
keywords = "Weil descent "
}

@book{DickensteinEmiris2010,
 author = {Dickenstein, Alicia and Emiris, Ioannis Z.},
 title = {Solving Polynomial Equations: Foundations, Algorithms, and Applications},
 year = {2010},
 isbn = {3642063616, 9783642063619},
 edition = {1st},
 publisher = {Springer Publishing Company, Incorporated},
}


@article{Lapert_Exploring_2012,
	title = {Exploring the Physical Limits of Saturation Contrast in Magnetic Resonance Imaging},
	volume = {2},
	url = {http://dx.doi.org/10.1038/srep00589},
	number = {589},
	journal = {Scientific Reports},
	shortjournal = {Sci. Rep.},
	author = {Lapert, Marc and Zhang, Yun and Janich, Martin A. and Glaser, Steffen J. and Sugny, Dominique},
	year = "2012"
}

@article{Bonnard_Algebraic_2013,
         title ="Algebraic geometric classification of the singular flow in the contrast imaging problem in nuclear magnetic resonance",
         journal ="Mathematical Control and Related Fields",
         volume ="3",
         number ="4",
         pages ="397-432",
         year ="2013",
         note ="",
         issn ="2156-8472",
         doi ="10.3934/mcrf.2013.3.397",
         url ="http://aimsciences.org/journals/displayArticlesnew.jsp?paperID=8966",
         author ="Bonnard, Bernard and Chyba, Monique and Jacquemard, Alain and Marriott, John",
         keywords ="Mayer problem",
         keywords ="geometric optimal control",
         keywords ="contrast imaging",
         keywords ="invariant theory",
}

@incollection {Collins-CAD-1975,
    AUTHOR = {Collins, G. E.},
     TITLE = {Quantifier elimination for real closed fields by cylindrical
              algebraic decomposition},
 BOOKTITLE = {Automata theory and formal languages ({S}econd {GI} {C}onf.,
              {K}aiserslautern, 1975)},
     PAGES = {134--183. Lecture Notes in Comput. Sci., Vol. 33},
 PUBLISHER = {Springer, Berlin},
      YEAR = {1975},
   MRCLASS = {02H15 (12D15 68A20 02J15)},
  MRNUMBER = {0403962 (53 \#7771)},
MRREVIEWER = {Jo Ann Howell},
}

@book{bruns2014determinantal,
  title={Determinantal Rings},
  author={Bruns, W. and Vetter, U.},
  isbn={9783662183878},
  url={https://books.google.fr/books?id=-l4RswEACAAJ},
  year={2014},
  publisher={Springer}
}

@inproceedings{lemaire2005regularchains,
  title={The RegularChains library},
  author={Lemaire, F. and Moreno Maza, M. and Xie, Y.},
  booktitle={Maple conference},
  volume={5},
  pages={355--368},
  year={2005}
}



@book {BCR-real-algebraic-geometry,
    AUTHOR = {Bochnak, J. and Coste, M. and Roy,
              M.-F.},
     TITLE = {Real algebraic geometry},
    SERIES = {Ergebnisse der Mathematik und ihrer Grenzgebiete (3) [Results
              in Mathematics and Related Areas (3)]},
    VOLUME = {36},
      NOTE = {Translated from the 1987 French original,
              Revised by the authors},
 PUBLISHER = {Springer-Verlag, Berlin},
      YEAR = {1998},
     PAGES = {x+430},
      ISBN = {3-540-64663-9},
   MRCLASS = {14Pxx (11E25 32C05 58A07)},
  MRNUMBER = {1659509 (2000a:14067)},
MRREVIEWER = {A. Tognoli},
       DOI = {10.1007/978-3-662-03718-8},
       URL = {http://dx.doi.org/10.1007/978-3-662-03718-8},
}


@unpublished{HNSlmi,
  TITLE = {{Exact algorithms for linear matrix inequalities}},
  AUTHOR = {Henrion, D. and Naldi, S. and {Safey El Din}, M.},
  URL = {https://hal.archives-ouvertes.fr/hal-01184320},
  NOTE = {Submitted.},
  HAL_LOCAL_REFERENCE = {Rapport LAAS n{\textdegree} 15275},
  YEAR = {2015},
  MONTH = Aug,
  KEYWORDS = {symbolic computation ; computer algebra al-gorithms ; linear matrix inequalities ; semidefinite programming ; polynomial optimization},
  PDF = {https://hal.archives-ouvertes.fr/hal-01184320/file/exactlmi.pdf},
  HAL_ID = {hal-01184320},
  HAL_VERSION = {v1},
}
    
@unpublished{HNSjoc16,
  TITLE = {{Real root finding for low rank linear matrices}},
  AUTHOR = {Henrion, D. and Naldi, S. and {Safey El Din}, M.},
  URL = {https://hal.archives-ouvertes.fr/hal-01159210},
  NOTE = {Submitted.},
  YEAR = {2015},
  MONTH = Jun,
  KEYWORDS = {symbolic computation ; low rank matrices ; real algebraic geometry},
  PDF = {https://hal.archives-ouvertes.fr/hal-01159210/file/lowrank.pdf},
  HAL_ID = {hal-01159210},
  HAL_VERSION = {v1},
}

@inproceedings{HNShankel,
  TITLE = {{Real root finding for rank defects in linear Hankel matrices}},
  AUTHOR = {Henrion, D. and Naldi, S. and {Safey El Din}, M.},
  URL = {https://hal.archives-ouvertes.fr/hal-01114378},
 booktitle = {Proceedings of the 2015 ACM on International Symposium on Symbolic and Algebraic Computation},
  ADDRESS = {Bath, United Kingdom},
  HAL_LOCAL_REFERENCE = {Rapport LAAS n{\textdegree} 15025},
  PAGES = {26p.},
  YEAR = {2015},
  MONTH = Jul,
  PDF = {https://hal.archives-ouvertes.fr/hal-01114378/file/hankel.pdf},
  HAL_ID = {hal-01114378},
  HAL_VERSION = {v1},
}

    
@article{HNSjsc16,
title = "Real root finding for determinants of linear matrices ",
journal = "Journal of Symbolic Computation ",
volume = "74",
number = "",
pages = "205 - 238",
year = "2016",
note = "",
issn = "0747-7171",
doi = "http://dx.doi.org/10.1016/j.jsc.2015.06.010",
url = "http://www.sciencedirect.com/science/article/pii/S0747717115000607",
author = "Henrion, D. and Naldi, S. and {Safey El Din}, M.",
keywords = "Computer algebra",
keywords = "Real algebraic geometry",
keywords = "Determinantal varieties "
}

@article{Gall14,
  author    = {Fran{\c{c}}ois Le Gall},
  title     = {Powers of Tensors and Fast Matrix Multiplication},
  journal   = {CoRR},
  volume    = {abs/1401.7714},
  year      = {2014},
  url       = {http://arxiv.org/abs/1401.7714},
  timestamp = {Sun, 02 Feb 2014 18:37:28 +0100},
  biburl    = {http://dblp.uni-trier.de/rec/bib/journals/corr/Gall14},
  bibsource = {dblp computer science bibliography, http://dblp.org}
}

@article{Buchberger1979,
author = {Buchberger, Bruno},
doi = {10.1007/3-540-09519-5},
file = {:home/polsys1/verron/T{\'{e}}l{\'{e}}chargements/1979-A criterion for detecting unnecessary reductions(1).pdf:pdf;:home/polsys1/verron/.local/share/data/Mendeley Ltd./Mendeley Desktop/Downloaded/FW2C7UZ8/221149866{\_}A{\_}Criterion{\_}for{\_}Detecting{\_}Unnecessary{\_}Reductions{\_}in{\_}the{\_}Construction{\_}of{\_}Grobner{\_}Bases.html:html},
isbn = {978-3-540-09519-4},
mendeley-groups = {Zotero - Zotero Library},
number = {JANUARY 1979},
pages = {3--21},
title = {{A Criterion for Detecting Unnecessary Reductions in the Construction of Gr{\"{o}}bner Bases}},
url = {http://link.springer.com/10.1007/3-540-09519-5 https://www.researchgate.net/publication/221149866{\_}A{\_}Criterion{\_}for{\_}Detecting{\_}Unnecessary{\_}Reductions{\_}in{\_}the{\_}Construction{\_}of{\_}Grobner{\_}Bases},
volume = {72},
year = {1979}
}


@inproceedings{Giovini1991,
abstract = {In this paper we describe some experimental findings on selection strategies for Gr{\"{o}}bner basis computation with the Buchberger algorithm. In particular, the results suggest that the "sugar flavor" of the "normal selection", implemented first in CoCoA, then in AlPI, and now in SCRATCHPAD-II, is the best choice for a selection strategy. It has to be combined with the "straight-forward" simplification strategy and with a special form of the Gebauer-M{\"{o}}ller criteria to obtain the best results. The idea of the "sugar flavor" is the following: the Buchberger algorithm for homogeneous ideals, with degree-compatible term ordering and normal selection strategy, usually works fine. Homogenizing the basis of the ideal is good for the strategy, but bad for the basis to be computed. The sugar flavor computes, for every polynomial in the course of the algorithm, "the degree that it would have if computed with the homogeneous algorithm", and uses this phantom degree (the sugar) only for the selection strategy. We have tested several examples with different selection strategies, and the sugar flavor has proved to be always the best choice or very near to it. The comparison between the different variants of the sugar flavor has been made, but the results are up to now inconclusive. We include a complete deterministic description of the Buchberger algorithm as it was used in our experiments.},
author = {Giovini, Alessandro and Mora, Teo and Niesi, Gianfranco and Robbiano, Lorenzo and Traverso, Carlo},
booktitle = {Proceedings of the 1991 international symposium on Symbolic and algebraic computation - ISSAC '91},
doi = {10.1145/120694.120701},
file = {:home/polsys1/verron/T{\'{e}}l{\'{e}}chargements/p49-giovini.pdf:pdf},
isbn = {0897914376},
keywords = {Groeboner basis,Gr{\"{o}}bner basis,algebraic geometry},
pages = {49--54},
title = {{“One sugar cube, please” or selection strategies in the Buchberger algorithm}},
url = {http://dl.acm.org/citation.cfm?id=120694.120701},
volume = {91},
year = {1991}
}

@inproceedings{Faugere2014,
address = {New York, New York, USA},
author = {Faug{\`{e}}re, Jean-Charles and Gaudry, Pierrick and Huot, Louise and Renault, Gu{\'{e}}na{\"{e}}l},
booktitle = {Proceedings of the 39th International Symposium on Symbolic and Algebraic Computation - ISSAC '14},
doi = {10.1145/2608628.2608669},
isbn = {9781450325011},
keywords = {Gr{\"{o}}bner basis,change of ordering,polynomial systems},
month = {jul},
pages = {170--177},
publisher = {ACM Press},
title = {{Sub-cubic change of ordering for Gr{\"{o}}bner basis}},
url = {http://dl.acm.org/citation.cfm?id=2608628.2608669},
year = {2014}
}

@article{Strassen1969,
author = {Strassen, Volker},
doi = {10.1007/BF02165411},
file = {:home/polsys1/verron/T{\'{e}}l{\'{e}}chargements/art{\%}3A10.1007{\%}2FBF02165411.pdf:pdf},
issn = {0029-599X},
journal = {Numerische Mathematik},
month = {aug},
number = {4},
pages = {354--356},
title = {{Gaussian elimination is not optimal}},
url = {http://link.springer.com/10.1007/BF02165411},
volume = {13},
year = {1969}
}

@article{SafeySchost2013,
author = {{Safey El Din}, Mohab and Schost, {\'{E}}ric},
file = {:home/polsys1/verron/.local/share/data/Mendeley Ltd./Mendeley Desktop/Downloaded/9N5HK6UB/Din{\_}Schost{\_}2013{\_}A nearly optimal algorithm for deciding connectivity queries in smooth and.pdf:pdf;:home/polsys1/verron/.local/share/data/Mendeley Ltd./Mendeley Desktop/Downloaded/528ESHU5/1307.html:html;:home/polsys1/verron/.local/share/data/Mendeley Ltd./Mendeley Desktop/Downloaded/6X2SDJNW-roadmaps-final.pdf:pdf},
journal = {arXiv preprint arXiv:1307.7836},
keywords = {Computer Science - Symbolic Computation},
mendeley-groups = {Zotero - Zotero Library},
mendeley-tags = {Computer Science - Symbolic Computation},
month = {jul},
title = {{A nearly optimal algorithm for deciding connectivity queries in smooth and bounded real algebraic sets}},
url = {http://arxiv.org/abs/1307.7836 http://www.arxiv.org/pdf/1307.7836.pdf},
year = {2013}
}

@book {BrunsVetter1988,
    AUTHOR = {Bruns, Winfried and Vetter, Udo},
     TITLE = {Determinantal rings},
    SERIES = {Lecture Notes in Mathematics},
    VOLUME = {1327},
 PUBLISHER = {Springer-Verlag, Berlin},
      YEAR = {1988},
     PAGES = {viii+236},
      ISBN = {3-540-19468-1},
   MRCLASS = {13-02 (13C05 13H10 14M12)},
  MRNUMBER = {953963},
MRREVIEWER = {Piotr Pragacz},
}

@article{LR07,
  title={Solving parametric polynomial systems},
  author={Lazard, D. and Rouillier, F.},
  journal={Journal of Symbolic Computation},
  volume={42},
  number={6},
  pages={636--667},
  year={2007},
  publisher={Elsevier}
}


@inproceedings{RT15, 
 author = {Rodriguez, J. I. and Tang, X.},
 title = {Data-Discriminants of Likelihood Equations},
 booktitle = {Proceedings of the 2015 ACM on International Symposium on Symbolic and Algebraic Computation},
 series = {ISSAC '15},
 year = {2015},
 isbn = {978-1-4503-3435-8},
 location = {Bath, United Kingdom},
 pages = {307--314},
 numpages = {8},
 url = {http://doi.acm.org/10.1145/2755996.2756649},
 doi = {10.1145/2755996.2756649},
 acmid = {2756649},
 publisher = {ACM},
 address = {New York, NY, USA},
 keywords = {data-discriminant, likelihood equation, maximum likelihood estimation, real root classification},
} 


@article{HS12,
title = "Variant quantifier elimination ",
journal = "Journal of Symbolic Computation ",
volume = "47",
number = "7",
pages = "883 - 901",
year = "2012",
note = "International Symposium on Symbolic and Algebraic Computation (ISSAC 2009) ",
issn = "0747-7171",
doi = "http://dx.doi.org/10.1016/j.jsc.2011.05.014",
url = "http://www.sciencedirect.com/science/article/pii/S0747717111002057",
author = "Hong, H. and {Safey El Din}, M.",
keywords = "Quantifier elimination",
keywords = "Computational real algebraic geometry",
keywords = "Stability analysis "}


    

@article {bb-feedback-sicon,
     AUTHOR = {Bonnard, B.}, 
     TITLE = {Feedback equivalence for nonlinear systems and the time optimal control problem}, 
   JOURNAL = {SIAM J. Control Optim.}, 
  FJOURNAL = {SIAM Journal on Control and Optimization}, 
    VOLUME = {29}, 
      YEAR = {1991}, 
    NUMBER = {6}, 
     PAGES = {1300--1321}, 
      ISSN = {0363-0129}, 
     CODEN = {SJCODE}, 
   MRCLASS = {93B29 (49K15 93B52)}, 
  MRNUMBER = {1132184 (93b:93030)}, 
MRREVIEWER = {Kevin A. Grasse}, 
       DOI = {10.1137/0329067}, 
       URL = {http://dx.doi.org/10.1137/0329067}, 
} 

@book {BC,  
    AUTHOR = {Bernard, B. and Chyba, M.}, 
     TITLE = {Singular trajectories and their role in control theory}, 
    SERIES = {Math\'ematiques \& Applications (Berlin) [Mathematics \& 
              Applications]}, 
    VOLUME = {40}, 
 PUBLISHER = {Springer-Verlag, Berlin}, 
      YEAR = {2003}, 
     PAGES = {xvi+357}, 
      ISBN = {3-540-00838-1}, 
   MRCLASS = {93-02 (37N35 49K15 93C10 93C15)}, 
  MRNUMBER = {1996448 (2004f:93001)}, 
MRREVIEWER = {Kevin A. Grasse}, 
} 

@article {BCM-sicon, 
    AUTHOR = {Bonnard, B. and Chyba, M. and Marriott, J.}, 
     TITLE = {Singular trajectories and the contrast imaging problem in 
              nuclear magnetic resonance}, 
   JOURNAL = {SIAM J. Control Optim.}, 
  FJOURNAL = {SIAM Journal on Control and Optimization}, 
    VOLUME = {51}, 
      YEAR = {2013}, 
    NUMBER = {2}, 
     PAGES = {1325--1349}, 
      ISSN = {0363-0129}, 
   MRCLASS = {49K15 (81P45)}, 
  MRNUMBER = {3036991}, 
MRREVIEWER = {Klaus Frick}, 
       DOI = {10.1137/110833427}, 
       URL = {http://dx.doi.org/10.1137/110833427}, 
} 

@article {MCRF13, 
    AUTHOR = {Bonnard, B. and Chyba, M. and Jacquemard, A. and 
              Marriott, J.}, 
     TITLE = {Algebraic geometric classification of the singular flow in the 
              contrast imaging problem in nuclear magnetic resonance}, 
   JOURNAL = {Math. Control Relat. Fields}, 
  FJOURNAL = {Mathematical Control and Related Fields}, 
    VOLUME = {3}, 
      YEAR = {2013}, 
    NUMBER = {4}, 
     PAGES = {397--432}, 
      ISSN = {2156-8472}, 
   MRCLASS = {49N90 (78A25 81Q93 92C55 94A08)}, 
  MRNUMBER = {3110057}, 
       DOI = {10.3934/mcrf.2013.3.397}, 
       URL = {http://dx.doi.org/10.3934/mcrf.2013.3.397}, 
} 

@article {BC-m3as, 
    AUTHOR = {Bonnard, B. and Cots, O.}, 
     TITLE = {Geometric numerical methods and results in the contrast 
              imaging problem in nuclear magnetic resonance}, 
   JOURNAL = {Math. Models Methods Appl. Sci.}, 
  FJOURNAL = {Mathematical Models and Methods in Applied Sciences}, 
    VOLUME = {24}, 
      YEAR = {2014}, 
    NUMBER = {1}, 
     PAGES = {187--212}, 
      ISSN = {0218-2025}, 
   MRCLASS = {49M20 (49N90 94A08)}, 
  MRNUMBER = {3125909}, 
       DOI = {10.1142/S0218202513500504}, 
       URL = {http://dx.doi.org/10.1142/S0218202513500504}, 
} 

@article {BOGLSZ-IEEE, 
    AUTHOR = {Bonnard, B. and Cots, O. and Glaser, S. J. and 
              Lapert, M. and Sugny, D. and Zhang, Y.}, 
     TITLE = {Geometric optimal control of the contrast imaging problem in 
              nuclear magnetic resonance}, 
   JOURNAL = {IEEE Trans. Automat. Control}, 
  FJOURNAL = {Institute of Electrical and Electronics Engineers. 
              Transactions on Automatic Control}, 
    VOLUME = {57}, 
      YEAR = {2012}, 
    NUMBER = {8}, 
     PAGES = {1957--1969}, 
      ISSN = {0018-9286}, 
     CODEN = {IETAA9}, 
   MRCLASS = {49K21 (49M30)}, 
  MRNUMBER = {2957166}, 
       DOI = {10.1109/TAC.2012.2195859}, 
       URL = {http://dx.doi.org/10.1109/TAC.2012.2195859}, 
} 

@article {BK-forum, 
    AUTHOR = {Bonnard, B. and Kupka, I.}, 
     TITLE = {Th\'eorie des singularit\'es de l'application entr\'ee/sortie 
              et optimalit\'e des trajectoires singuli\`eres dans le 
              probl\`eme du temps minimal}, 
   JOURNAL = {Forum Math.}, 
  FJOURNAL = {Forum Mathematicum}, 
    VOLUME = {5}, 
      YEAR = {1993}, 
    NUMBER = {2}, 
     PAGES = {111--159}, 
      ISSN = {0933-7741}, 
     CODEN = {FOMAEF}, 
   MRCLASS = {49K15 (93B27 93C10)}, 
  MRNUMBER = {1205250 (93m:49009)}, 
MRREVIEWER = {David L. Elliott}, 
       DOI = {10.1515/form.1993.5.111}, 
       URL = {http://dx.doi.org/10.1515/form.1993.5.111}, 
} 

@article{ACTA15,
year={2015},
issn={0167-8019},
journal={Acta Applicandae Mathematicae},
volume={135},
number={1},
doi={10.1007/s10440-014-9950-8},
title={Optimal Geometric Control Applied to the Protein Misfolding Cyclic Amplification Process},
url={http://dx.doi.org/10.1007/s10440-014-9950-8},
publisher={Springer Netherlands},
keywords={Transmissible spongiform encephalopathies; Nucleated polymerization; Optimal control; Singular extremals; 93C95; 70Q05; 70E60},
author={Chyba, M. and Coron, J-M. and Gabriel, P. and Jacquemard, A. and Patterson, G. and Picot, G. and Shang, P.},
pages={145-173},
language={English}
}


@article {DC-invariant, 
    AUTHOR = {Dieudonn{\'e}, J. A. and Carrell, J. B.}, 
     TITLE = {Invariant theory, old and new}, 
   JOURNAL = {Advances in Math.}, 
  FJOURNAL = {Advances in Mathematics}, 
    VOLUME = {4}, 
      YEAR = {1970}, 
     PAGES = {1--80 (1970)}, 
      ISSN = {0001-8708}, 
   MRCLASS = {13.10 (14.00)}, 
  MRNUMBER = {0255525 (41 \#186)}, 
MRREVIEWER = {M. Nagata}, 
} 

@book {hartman,  
    AUTHOR = {Hartman, P.}, 
     TITLE = {Ordinary differential equations}, 
    SERIES = {Classics in Applied Mathematics}, 
    VOLUME = {38}, 
      NOTE = {Corrected reprint of the second (1982) edition 
              [Birkh{\"a}user, Boston, MA;  MR0658490 (83e:34002)], 
              With a foreword by Peter Bates}, 
 PUBLISHER = {Society for Industrial and Applied Mathematics (SIAM), 
              Philadelphia, PA}, 
      YEAR = {2002}, 
     PAGES = {xx+612}, 
      ISBN = {0-89871-510-5}, 
   MRCLASS = {34-01 (37-01)}, 
  MRNUMBER = {1929104 (2003h:34001)}, 
       DOI = {10.1137/1.9780898719222}, 
       URL = {http://dx.doi.org/10.1137/1.9780898719222}, 
} 

@article {jakub,  
    AUTHOR = {Jakubczyk, B.}, 
     TITLE = {Curvatures of single-input control systems}, 
   JOURNAL = {Control Cybernet.}, 
  FJOURNAL = {Control and Cybernetics}, 
    VOLUME = {38}, 
      YEAR = {2009}, 
    NUMBER = {4B}, 
     PAGES = {1375--1391}, 
      ISSN = {0324-8569}, 
   MRCLASS = {93B27 (49K15 93C15)}, 
  MRNUMBER = {2760912 (2012b:93049)}, 
MRREVIEWER = {Jimmie D. Lawson}, 
} 

@article {grape,
AUTHOR={N.~Khaneja, T.~Reiss, C.~Kehlet, T.~Schulte-Herbr{\"}uggen, and S.~J.~Glaser},  
	TITLE={Optimal control of coupled spin dynamics: design of {NMR} pulse sequences by gradient ascent algorithms}, 
	JOURNAL={J. of Magnetic Resonance},
    NUMBER={172},
    YEAR={2005}, 
    NUMBER={2}, 
    PAGES={296--305},
}

@article {krener-sicon, 
    AUTHOR = {Krener, A. J.}, 
     TITLE = {The high order maximal principle and its application to 
              singular extremals}, 
   JOURNAL = {SIAM J. Control Optimization}, 
   FJOURNAL = {SIAM Journal on Control and Optimization}, 
    VOLUME = {15}, 
      YEAR = {1977}, 
    NUMBER = {2}, 
     PAGES = {256--293}, 
      ISSN = {0363-0129}, 
   MRCLASS = {49B10}, 
  MRNUMBER = {0433288 (55 \#6265)}, 
MRREVIEWER = {G. M. Ewing}, 
} 

@article {Lapert,
	AUTHOR = {M.~Lapert, Y.~Zhang, M.~Braun, S.~J. Glaser, and D.~Sugny}, 
	TITLE = {Singular extremals for the time-optimal control of dissipative spin $\frac{1}{2}$ particles},
	JOURNAL ={ Phys. Rev. Lett.},
NUMBER={104},
YEAR={2010}, 
NUMBER={8, 083001},
}

@article {lapert-scirep,
	AUTHOR = {M~Lapert, Y~Zhang, M~A Janich, S~J Glaser, and D~Sugny},
	TITLE = {{Exploring the Physical Limits of Saturation Contrast in Magnetic Resonance Imaging}},
	JOURNAL ={Scientific Reports},
    NUMBER={2},
    YEAR={2012},
}

@book {mumford, 
    AUTHOR = {Mumford, D. and Fogarty, J. and Kirwan, F.}, 
     TITLE = {Geometric invariant theory}, 
    SERIES = {Ergebnisse der Mathematik und ihrer Grenzgebiete (2) [Results 
              in Mathematics and Related Areas (2)]}, 
    VOLUME = {34}, 
   EDITION = {Third}, 
 PUBLISHER = {Springer-Verlag, Berlin}, 
      YEAR = {1994}, 
     PAGES = {xiv+292}, 
      ISBN = {3-540-56963-4}, 
   MRCLASS = {14D25 (58E05 58F05)}, 
  MRNUMBER = {1304906 (95m:14012)}, 
MRREVIEWER = {Yi Hu}, 
       DOI = {10.1007/978-3-642-57916-5}, 
       URL = {http://dx.doi.org/10.1007/978-3-642-57916-5}, 
} 

@book {pontryagin-book, 
    AUTHOR = {Pontryagin, L. S. and Boltyanskii, V. G. and Gamkrelidze, R. 
              V. and Mishchenko, E. F.}, 
     TITLE = {The mathematical theory of optimal processes}, 
    SERIES = {Translated from the Russian by K. N. Trirogoff; edited by L. 
              W. Neustadt}, 
 PUBLISHER = {Interscience Publishers John Wiley \& Sons, Inc.\, New 
              York-London}, 
      YEAR = {1962}, 
     PAGES = {viii+360}, 
   MRCLASS = {93.00}, 
  MRNUMBER = {0166037 (29 \#3316b)}, 
} 

@article {IEEE,
    AUTHOR = {Bonnard, B. and Cots, O. and Glaser, S.J. and
              Lapert, M. and Sugny, D. and Zhang, Y.},
     TITLE = {Geometric optimal control of the contrast imaging problem in
              nuclear magnetic resonance},
   JOURNAL = {IEEE Trans. Automat. Control},
  FJOURNAL = {Institute of Electrical and Electronics Engineers.
              Transactions on Automatic Control},
    VOLUME = {57},
      YEAR = {2012},
    NUMBER = {8},
     PAGES = {1957--1969},
      ISSN = {0018-9286},
     CODEN = {IETAA9},
   MRCLASS = {49K21 (49M30)},
  MRNUMBER = {2957166},
       DOI = {10.1109/TAC.2012.2195859},
       URL = {http://dx.doi.org/10.1109/TAC.2012.2195859},
}

@book {MR932724,
    AUTHOR = {Goresky, M. and MacPherson, R.},
     TITLE = {Stratified {M}orse theory},
    SERIES = {Ergebnisse der Mathematik und ihrer Grenzgebiete (3) [Results
              in Mathematics and Related Areas (3)]},
    VOLUME = {14},
 PUBLISHER = {Springer-Verlag, Berlin},
      YEAR = {1988},
     PAGES = {xiv+272},
      ISBN = {3-540-17300-5},
   MRCLASS = {57R70 (14F45 32C10 32C42 57N80 58A35 58C27)},
  MRNUMBER = {932724 (90d:57039)},
MRREVIEWER = {K. Lamotke},
       DOI = {10.1007/978-3-642-71714-7},
       URL = {http://dx.doi.org/10.1007/978-3-642-71714-7},
}

@incollection {MR1320312,
    AUTHOR = {Coste, M. and Shiota, M.},
     TITLE = {Thom's first isotopy lemma: a semialgebraic version, with
              uniform bound},
 BOOKTITLE = {Real analytic and algebraic geometry ({T}rento, 1992)},
     PAGES = {83--101},
 PUBLISHER = {de Gruyter, Berlin},
      YEAR = {1995},
   MRCLASS = {14P10 (14P20 58A35)},
  MRNUMBER = {1320312 (96i:14047)},
}

@book {Demazure-bifurcations,
    AUTHOR = {Demazure, M.},
     TITLE = {Bifurcations and catastrophes},
    SERIES = {Universitext},
      NOTE = {Geometry of solutions to nonlinear problems,
              Translated from the 1989 French original by D.~Chillingworth},
 PUBLISHER = {Springer-Verlag, Berlin},
      YEAR = 2000,
     PAGES = {viii+303},
      ISBN = {3-540-52118-6},
   MRCLASS = {37Gxx (34C23 37-01 37C10 58K35)},
  MRNUMBER = {1739190 (2001m:37096)},
MRREVIEWER = {Joan Torregrosa},
       DOI = {10.1007/978-3-642-57134-3},
       URL = {http://dx.doi.org/10.1007/978-3-642-57134-3},
}

@incollection {Collins-CAD,
    AUTHOR = {Arnon, D. S. and Collins, G. E. and McCallum, S.},
     TITLE = {Cylindrical algebraic decomposition. {I}. {T}he basic
              algorithm},
 BOOKTITLE = {Quantifier elimination and cylindrical algebraic decomposition
              ({L}inz, 1993)},
    SERIES = {Texts Monogr. Symbol. Comput.},
     PAGES = {136--151},
 PUBLISHER = {Springer, Vienna},
      YEAR = {1998},
   MRCLASS = {68Q40},
  MRNUMBER = {1634192},
}

@incollection {Brown-Davenport-CAD-complexity,
    AUTHOR = {Brown, C. W. and Davenport, J. H.},
     TITLE = {The complexity of quantifier elimination and cylindrical
              algebraic decomposition},
 BOOKTITLE = {I{SSAC} 2007},
     PAGES = {54--60},
 PUBLISHER = {ACM, New York},
      YEAR = {2007},
   MRCLASS = {68Q25 (03C10)},
  MRNUMBER = {2396184 (2009e:68044)},
       DOI = {10.1145/1277548.1277557},
       URL = {http://dx.doi.org/10.1145/1277548.1277557},
}

@article {Davenport-Heintz-CAD-complexity,
    AUTHOR = {Davenport, J. H. and Heintz, J.},
     TITLE = {Real quantifier elimination is doubly exponential},
   JOURNAL = {J. Symbolic Comput.},
  FJOURNAL = {Journal of Symbolic Computation},
    VOLUME = {5},
      YEAR = {1988},
    NUMBER = {1-2},
     PAGES = {29--35},
      ISSN = {0747-7171},
   MRCLASS = {03B25 (03C10 03D15 12L12)},
  MRNUMBER = {949111 (89g:03009)},
MRREVIEWER = {A. A. Mullin},
       DOI = {10.1016/S0747-7171(88)80004-X},
       URL = {http://dx.doi.org/10.1016/S0747-7171(88)80004-X},
}

@inproceedings {Scott-CAD-equation,
    AUTHOR = {McCallum, S.},
     TITLE = {On projection in {CAD}-based quantifier elimination with
              equational constraint},
 BOOKTITLE = {Proceedings of the 1999 {I}nternational {S}ymposium on
              {S}ymbolic and {A}lgebraic {C}omputation ({V}ancouver, {BC})},
     PAGES = {145--149 (electronic)},
 PUBLISHER = {ACM, New York},
      YEAR = {1999},
   MRCLASS = {68W30 (03C10)},
  MRNUMBER = {1802078},
       DOI = {10.1145/309831.309892},
       URL = {http://dx.doi.org/10.1145/309831.309892},
}


@article{FauSafSpa13,
  author    = {J.-C. Faug{\`e}re and M. {Safey El Din} and P.-J. Spaenlehauer},
  title     = {On the Complexity of the {G}eneralized {M}in{R}ank {P}roblem},
  journal   = {Journal of Symbolic Computation},
  volume    = {55},
  pages     = {30-58},
  year      = 2013,
}

@InProceedings{FauSafSpa12,
  author = 	 {J.-C. Faug\`ere and M. {Safey El Din} and P.-J. Spaenlehauer},
  title = 	 {Critical Points and {G}r\"obner Bases: the Unmixed Case},
  booktitle =    {Proceedings of the 2012 International Symposium on Symbolic and Algebraic Computation (ISSAC 2012)},
  pages = 	 {162--169},
  year = 	 2012
}

@article{Spa14,
  author    = {P.-J. Spaenlehauer},
  title     = {On the complexity of computing critical points with {G}r\"obner bases},
  journal   = {SIAM Journal on Optimization},
  volume    = {24},
  number    = {3},
  pages     = {1382--1401},
  year      = 2014,
}

@article {Xia-classification-discriminant,
    AUTHOR = {Yang, L. and Hou, X. and Xia, B.},
     TITLE = {A complete algorithm for automated discovering of a class of
              inequality-type theorems},
   JOURNAL = {Sci. China Ser. F},
  FJOURNAL = {Science in China. Series F. Information Sciences},
    VOLUME = 44,
      YEAR = 2001,
    NUMBER = 1,
     PAGES = {33--49},
      ISSN = {1009-2757},
   MRCLASS = {68T15 (03B35 03C10)},
  MRNUMBER = {1891535 (2003c:68204)},
MRREVIEWER = {Jingzhong Zhang},
       DOI = {10.1007/BF02713938},
       URL = {http://dx.doi.org/10.1007/BF02713938},
}





@article{Bayer1988,
abstract = {We give a self-contained exposition of Mayr {\&} Meyer's example of a polynomial ideal exhibiting double exponential degrees for the ideal membership problem, and generalise this example to exhibit minimal syzygies of double exponential degree. This demonstrates the existence of subschemes of projective space of double exponential regularity.},
author = {Bayer, David and Stillman, Michael},
doi = {10.1016/S0747-7171(88)80039-7},
file = {::},
issn = 07477171,
journal = {Journal of Symbolic Computation},
month = {oct},
number = {2-3},
pages = {135--147},
title = {{On the complexity of computing syzygies}},
url = {http://www.sciencedirect.com/science/article/pii/S0747717188800397},
volume = 6,
year = 1988
}

@article{Mayr1982,
abstract = {Any decision procedure for the word problems for commutative semigroups and polynomial deals inherently requires computational storage space growing exponentially with the size of the problem instance to which the procedure is applied. This bound is achieved by a simple procedure for the semigroup problem.},
author = {Mayr, Ernst W and Meyer, Albert R},
doi = {10.1016/0001-8708(82)90048-2},
issn = 00018708,
journal = {Advances in Mathematics},
month = {dec},
number = 3,
pages = {305--329},
title = {{The complexity of the word problems for commutative semigroups and polynomial ideals}},
url = {http://www.sciencedirect.com/science/article/pii/0001870882900482},
volume = 46,
year = 1982
}


@book{Guillemin1974,
author = {Guillemin, Victor and Pollack, Alan},
isbn = {0-13-212605-2},
publisher = {Prentice-Hall},
title = {{Differential Topology}},
year = {1974}
}

@phdthesis{NaldiThesis,
	author = {Naldi, Simone},
	title = {Exact algorithms for determinantal varieties and semidefinite programming},
	year = 2015,
	type = {PhD thesis},
	month = {sept}
}

@phdthesis{KalkbrenerThesis,
author = {Michael Kalkbrener},
title = {{Three Contributions to Elimination Theory}},
language = {english},
year = {1991},
translation = {0},
school = {RISC, Johannes Kepler University Linz},
length = {0}
}

@incollection{Moller1993,
author = {M{\"{o}}ller, H. Michael},
doi = {10.1007/3-540-56686-4_32},
file = {::},
pages = {43--56},
publisher = {Springer Berlin Heidelberg},
title = {{Systems of algebraic equations solved by means of endomorphisms}},
url = {http://link.springer.com/10.1007/3-540-56686-4{\_}32},
year = {1993}
}

@incollection{Mourrain1999,
author = {Mourrain, B.},
doi = {10.1007/3-540-46796-3_41},
file = {::},
keywords = {Border basis},
mendeley-tags = {Border basis},
pages = {430--442},
publisher = {Springer Berlin Heidelberg},
title = {{A New Criterion for Normal Form Algorithms}},
url = {http://link.springer.com/10.1007/3-540-46796-3{\_}41},
year = {1999}
}

@article{Aubry1999triangular,
abstract = {Four methods for solving polynomial systems by means of triangular sets are presented and implemented in a unified way. These methods are those of Wu (1987), Lazard (1991), Kalkbrener (1991) and Wang (1993b). They are compared on various examples with the emphasis on efficiency, conciseness and legibility of the output.},
annote = {Contains a literature review on characteristic methods (as of 1998)},
author = {Aubry, Philippe and {Moreno Maza}, Marc},
file = {::},
journal = {J. Symbolic Computation},
keywords = {Triangular set},
mendeley-tags = {Triangular set},
pages = {125--154},
title = {{Triangular Sets for Solving Polynomial Systems: a Comparative Implementation of Four Methods}},
url = {http://www.idealibrary.com},
volume = {28},
year = {1999},
 publisher={Elsevier}
}


@incollection{Wen-tsun1989,
author = {Wen-tsun, Wu},
doi = {10.1007/3-540-51517-8_84},
file = {::},
pages = {44--44},
title = {{A zero structure theorem for polynomial-equations-solving and its applications}},
url = {http://link.springer.com/10.1007/3-540-51517-8{\_}84},
year = {1989}
}

@article{Lazard1991,
abstract = {A new algorithm is presented for solving algebraic systems of equations, which is designed from the structure which is wanted for the result. This algorithm is not yet implemented; thus technical details and proofs are omitted, for emphasizing on the relations between the algorithm design and a good representation of the result. The algorithm is based on a new theorem of decomposition for algebraic varieties.},
author = {Lazard, D.},
doi = {10.1016/0166-218X(91)90113-B},
file = {::},
issn = {0166218X},
journal = {Discrete Applied Mathematics},
keywords = {Triangular set},
mendeley-tags = {Triangular set},
number = {1},
pages = {147--160},
title = {{A new method for solving algebraic systems of positive dimension}},
volume = {33},
year = {1991}
}

@book{Gelfand1994,
address = {Boston, MA},
author = {Gelfand, Israel M. and Kapranov, Mikhail M. and Zelevinsky, Andrei V.},
file = {:home/polsys1/verron/.local/share/data/Mendeley Ltd./Mendeley Desktop/Downloaded/8FFXX7MT-gelkapzel.pdf:pdf},
isbn = {978-0-8176-4770-4, 978-0-8176-4771-1},
mendeley-groups = {Zotero - Zotero Library},
publisher = {Birkh{\"{a}}user Boston},
title = {{Discriminants, Resultants, and Multidimensional Determinants}},
url = {http://link.springer.com/10.1007/978-0-8176-4771-1},
year = {1994}
}




@article{BLV2006-order-conditions,
    AUTHOR = {Bonnans, J. Fr{\'e}d{\'e}ric and Laurent-Varin, Julien},
     TITLE = {Computation of order conditions for symplectic partitioned
              {R}unge-{K}utta schemes with application to optimal control},
   JOURNAL = {Numer. Math.},
  FJOURNAL = {Numerische Mathematik},
    VOLUME = {103},
      YEAR = {2006},
    NUMBER = {1},
     PAGES = {1--10},
      ISSN = {0029-599X},
     CODEN = {NUMMA7},
   MRCLASS = {49M25 (65L06)},
  MRNUMBER = {2207612},
MRREVIEWER = {B{\"u}lent Karas{\"o}zen},
       DOI = {10.1007/s00211-005-0661-y},
       URL = {http://dx.doi.org/10.1007/s00211-005-0661-y},
}

@article {BonnardCots,
    AUTHOR = {Bonnard, Bernard and Claeys, Mathieu and Cots, Olivier and
              Martinon, Pierre},
     TITLE = {Geometric and numerical methods in the contrast imaging
              problem in nuclear magnetic resonance},
   JOURNAL = {Acta Appl. Math.},
  FJOURNAL = {Acta Applicandae Mathematicae. An International Survey Journal
              on Applying Mathematics and Mathematical Applications},
    VOLUME = {135},
      YEAR = {2015},
     PAGES = {5--45},
      ISSN = {0167-8019},
   MRCLASS = {49M05 (94A08)},
  MRNUMBER = {3301013},
       DOI = {10.1007/s10440-014-9947-3},
       URL = {http://dx.doi.org/10.1007/s10440-014-9947-3},
}


@ARTICLE{Eder2012,
   author = {{Eder}, C.},
    title = "{An analysis of inhomogeneous signature-based Gr$\backslash$''obner basis computations}",
  journal = {ArXiv e-prints},
archivePrefix = "arXiv",
   eprint = {1203.6186},
 primaryClass = "math.AC",
 keywords = {Mathematics - Commutative Algebra, 13P10, I.1.2, F.2.1},
     year = 2012,
    month = mar,
   adsurl = {http://adsabs.harvard.edu/abs/2012arXiv1203.6186E},
  adsnote = {Provided by the SAO/NASA Astrophysics Data System}
}

-----

@inproceedings{FSV13,
	title = {{On the complexity of computing {G}r\"obner bases for quasi-homogeneous systems}},
	author = {Faug\`ere, Jean-Charles and {Safey El Din}, Mohab and Verron, Thibaut},
	booktitle = {{Proceedings of the 2013 International Symposium on Symbolic and Algebraic Computation}},
	series = {ISSAC '13},
	year = 2013,
	location = {Boston, USA},
	publisher = {ACM},
	address = {New York, NY, USA},
        pages = {189 -- 196},
        url = {https://hal.archives-ouvertes.fr/hal-00780388v2}
}

@inproceedings{BFJSV16,
	title = {{Determinantal set, singularities and application to optimal control in medical imagery}},
	author = {Bonnard, Bernard and Faug\`ere, Jean-Charles and Jacquemard, Alain and {Safey El Din}, Mohab and Verron, Thibaut},
	booktitle = {{Proceedings of the 2016 International Symposium on Symbolic and Algebraic Computation}},
	series = {ISSAC '16},
	year = 2016,
	location = {Waterloo, Canada},
        pages = {103 -- 110},
        url = {https://hal.archives-ouvertes.fr/hal-01307073v2}
	}

@article{FSV15,
title = "On the complexity of computing Gröbner bases for weighted homogeneous systems ",
journal = "Journal of Symbolic Computation ",
volume = "76",
number = "",
pages = "107 - 141",
year = "2016",
note = "",
issn = "0747-7171",
doi = "http://dx.doi.org/10.1016/j.jsc.2015.12.001",
url = "https://hal.archives-ouvertes.fr/hal-01097316v2",
author = "Faugère, Jean-Charles and Safey El Din, Mohab and Verron, Thibaut",
}

@inproceedings{VVY18,
  TITLE = {{On affine tropical F5 algorithms}},
  AUTHOR = {Vaccon, Tristan and Verron, Thibaut and Yokoyama, Kazuhiro},
  booktitle = {{Proceedings of the 2018 International Symposium on Symbolic and Algebraic Computation}},
  series = {ISSAC '18},
  year = 2018,
  location = {New York, USA},
  note = "Extended version to appear in Journal of Symbolic Computations",
  YEAR = 2018,
  url= "https://arxiv.org/abs/1805.06183"  
}

@ARTICLE{FV2018,
   author = {{Francis}, Maria and {Verron}, Thibaut},
    title = "{A Signature-Based Algorithm for Computing Gröbner Bases over Principal Ideal Domains}",
  journal = {Mathematics in Computer Science},
archivePrefix = "arXiv",
   eprint = {1802.01388},
 primaryClass = "cs.SC",
 keywords = {Computer Science - Symbolic Computation},
     year = 2018,
    month = feb,
    note = "To appear"
}

@inproceedings{CVV-2019-Tate,
       author = {{Caruso}, Xavier and {Vaccon}, Tristan and {Verron}, Thibaut},
        title = "{Gr{\"o}bner bases over Tate algebras}",
  booktitle = {{Proceedings of the 2019 International Symposium on Symbolic and Algebraic Computation}},
  series = {ISSAC '19},
         year = 2019,
  location = {Beijing, China},
  YEAR = 2018,
  url= "https://arxiv.org/abs/1901.09574",
          eid = {arXiv:1901.09574},
archivePrefix = {arXiv},
       eprint = {1901.09574},
 primaryClass = {math.AG},
}


@article{FV2019,
    title={Signature-based M{\"o}ller's algorithm for strong Gr{\"o}bner bases over PIDs},
    author={Francis, Maria and Verron, Thibaut},
    journal = {ArXiv e-prints},
    year={2019},
    eprint={1901.09586},
    archivePrefix={arXiv},
    primaryClass={cs.SC}
}

@article{BCRV19,
title={Time minimal saturation of a pair of spins and application in Magnetic Resonance Imaging},
author={Bonnard, Bernard and Cots, Olivier and Rouot, Jérémy and Verron, Thibaut},
journal={Mathematical Control and Related Fields},
year={2019},
note="To appear"
}